3052 4823
571 315 650 377 18
1439 333 1823 376 ΡΕΒΙοοΗΑΕ

565 506 666 548 res
731 492 1056 567 praeterea
1113 491 1337 545 contra
1387 482 1835 547 Vulsinienses
1886 492 2099 565 gestas
2152 483 2442 547 continet
2456 533 2477 560 ‚
2539 483 2698 548 item

567 589 877 650 aduersus
929 585 1227 648 Lucanos
1245 633 1264 660 ,
1327 595 1551 648 contra
1602 607 1760 667 quos
1806 583 2123 647 auxilium
2169 585 2479 650 Thurinis
2534 587 2698 648 ferre

566 688 915 769 placuerat.

1343 920 1469 982 EX
1516 922 1691 983 LIB.
1744 922 1916 984 XII.

571 1111 740 1172 Cum
784 1106 982 1190 legati
1012 1107 1455 1170 Romanorum
1487 1130 1525 1170 a
1570 1108 1779 1172 Gallis
1826 1107 2191 1172 Senonibus
2236 1106 2556 1170 interfecti
2602 1130 2697 1170 es·
2734 1121 2766 1168 5

571 1220 738 1285 sent,
771 1209 942 1271 bello
973 1210 1054 1270 ob
1085 1208 1153 1271 id
1183 1209 1396 1273 Gallis
1425 1209 1707 1288 indicto,
1753 1213 1831 1274 L.
1868 1209 2188 1273 Caecilius
2212 1220 2466 1293 praetor
2496 1211 2575 1272 ab
2608 1209 2701 1272 eis

571 1334 720 1375 cum
761 1310 1126 1394 legionibus
1159 1332 1380 1374 caesus
1427 1323 1544 1375 est.
1607 1334 1756 1375 cum
1801 1336 1840 1375 a
1880 1311 2249 1375 Tarentinis
2289 1311 2511 1374 classis
2570 1313 2701 1374 Ro-

571 1437 764 1478 mana
805 1413 1056 1495 direpta
1101 1421 1304 1488 esset,
1353 1413 1699 1478 duumuiro
1747 1415 1859 1498 qui
1898 1399 2189 1498 praeerat
2232 1413 2419 1476 classi
2463 1413 2695 1489 occiso,

571 1516 770 1600 legati
801 1517 882 1578 ad
913 1538 1018 1578 eos
1051 1538 1090 1578 a
1119 1527 1348 1580 senatu
1380 1527 1455 1580 ut
1492 1518 1571 1578 de
1614 1516 1717 1580 his
1762 1516 2017 1580 iniuriis
2062 1525 2479 1599 quererentur
2522 1514 2704 1578 missi

571 1618 814 1704 pulsati
845 1628 1019 1682 sunt.
1070 1620 1151 1681 ob
1197 1618 1264 1680 id
1307 1619 1553 1681 bellum
1600 1618 1691 1682 eis
1720 1619 2043 1682 indictum
2072 1629 2190 1681 est.
2242 1616 2565 1680 Samnites
2597 1619 2702 1678 de·
2740 1629 2808 1678 10

460 1729 465 1734 ’
573 1721 886 1784 fecenmt.
943 1722 1253 1783 aduersus
1294 1743 1400 1783 eos
1443 1731 1506 1783 et
1550 1723 1848 1784 Lucanos
1893 1732 1957 1784 et
2008 1719 2272 1783 Brittios
2304 1729 2369 1780 et
2398 1720 2703 1782 Etruscos

576 1821 835 1904 aliquod
875 1821 1132 1904 proeliis
1163 1843 1200 1884 a
1231 1821 1646 1906 conpluribus
1677 1822 1949 1886 ducibus
1977 1823 2141 1885 bene
2170 1832 2535 1904 pugnatum
2578 1830 2697 1882 est.

577 1921 866 2006 Pyrrhus
908 1921 1320 2004 Epirotarum
1362 1947 1478 1986 rex
1519 1935 1596 1986 ut
1643 1923 1961 1986 auxilium
1990 1922 2360 1987 Tarentinis
2390 1923 2581 1984 ferret
2634 1921 2705 1981 in

533 2040 548 2052 ’
578 2023 841 2087 Italiam
869 2013 1116 2110 ueniti]
1139 2047 1287 2086 cum
1316 2025 1387 2088 in
1431 2025 1825 2109 praesidium
1866 2026 2271 2109 Reginorum
2313 2023 2483 2107 legio
2515 2024 2703 2086 Cam-

576 2148 748 2209 pana
777 2147 928 2188 cum
955 2126 1275 2208 praefecto
1306 2128 1509 2191 Decio
1540 2128 1821 2193 Vibellio
1852 2127 2049 2191 missa
2080 2137 2247 2190 esset
2268 2175 2286 2202 ,
2324 2125 2545 2188 occisis
2576 2125 2704 2186 Re-
2742 2138 2808 2185 15

505 2296 550 2324 x
577 2228 748 2311 ginis
779 2227 1062 2310 Regium
1093 2229 1454 2311 occupauit.
1517 2219 1577 2368 s

1342 2501 1469 2564 EX
1514 2502 1689 2563 LIB.
1741 2500 1950 2563 XIII.

583 2703 882 2768 Valerius
913 2703 1242 2766 Laeuinus
1286 2724 1414 2765 cos.
1449 2709 1681 2785 parum
1716 2724 2016 2785 prospere
2048 2704 2355 2766 aduersus
2387 2704 2708 2787 Pyrrhum

581 2804 926 2888 pugnauit,
961 2804 1448 2885 elephantorum
1477 2804 1757 2866 maxime
1787 2804 2100 2868 inusitata
2126 2804 2289 2867 facie
2320 2805 2559 2868 territis
2588 2804 2708 2866 mi-

584 2905 829 2969 litibus.
889 2914 1036 2987 post
1077 2904 1146 2967 id
1185 2904 1502 2987 proelium
1533 2926 1681 2967 cum
1711 2927 1976 2988 corpora
2005 2908 2447 2970 Romanorum
2489 2906 2600 2987 qui
2639 2905 2711 2967 in
2742 2917 2810 2967 20

587 3006 723 3071 acie
755 3006 1115 3069 ceciderant
1144 3006 1430 3091 Pyrrhus
1461 3006 1806 3091 inspiceret
1823 3054 1843 3083 ,
1894 3007 2113 3069 omnia
2142 3030 2327 3071 uersa
2356 3008 2427 3070 in
2455 3007 2709 3070 hostem

586 3109 865 3173 inuenit.
927 3109 1428 3191 populabundus
1459 3129 1664 3192 usque
1695 3110 1779 3171 ad
1807 3109 2033 3171 urbem
2062 3110 2344 3171 Romam
2373 3108 2701 3192 processit.

587 3213 664 3275 C.
712 3210 1042 3274 Fabricius
1087 3210 1321 3275 missus
1366 3211 1449 3272 ad
1491 3232 1642 3273 eum
1686 3232 1725 3273 a
1767 3219 1997 3273 senatu
2049 3220 2126 3271 ut
2184 3212 2265 3273 de
2322 3210 2711 3274 redimendis

589 3312 863 3395 captiuis
893 3322 1132 3394 ageret,
1171 3314 1408 3375 frustra
1437 3322 1512 3374 ut
1540 3311 1818 3393 patriam
1846 3313 2162 3374 desereret
2193 3334 2232 3373 a
2258 3334 2407 3395 rege
2438 3322 2710 3395 tempta·

589 3424 695 3477 tus
727 3423 846 3477 est.
895 3413 1141 3495 captiui
1171 3414 1310 3477 sine
1339 3414 1544 3497 pretio
1574 3412 1824 3475 remissi
1866 3423 2039 3475 sunt.
2101 3413 2334 3477 Cineas
2377 3414 2629 3496 legatus
2676 3434 2714 3475 a
2745 3426 2812 3473 25

594 3514 840 3598 Pyrrho
881 3517 961 3577 ad
1015 3526 1314 3581 senatum
1361 3514 1597 3578 missus
1639 3513 1863 3596 petiit,
1912 3524 1987 3577 ut
2030 3517 2489 3597 conponendae
2533 3514 2710 3597 pacis

591 3835 622 3885 2
649 3827 905 3883 Thurinis
929 3824 1155 3895 Piyhius
1175 3846 1193 3877 .-
1209 3826 1496 3896 ·tyrrhenis
1532 3838 1648 3891 Νςν
1673 3827 1691 3898 ss
1719 3831 1747 3879 7
1786 3844 1911 3880 cum
1946 3825 2255 3897 legionibus
2294 3825 2364 3876 ab
2402 3824 2469 3877 iis
2506 3843 2537 3876 r
2562 3824 2579 3895 ss
2608 3827 2638 3876 8
2664 3830 2720 3876 et

593 3911 824 3971 du3'1'iir0
847 3926 910 3977 Ν,
948 3912 1084 3965 duce
1112 3930 1178 3974 ςν
1203 3912 1221 3981 ΙΙ
1252 3915 1314 3962 10
1341 3908 1593 3965 'amnites
1626 3922 1675 3966 N
1698 3913 1715 3984 ΙΙ
1748 3916 1802 3965 11
1848 3912 2055 3966 brutios
2095 3927 2161 3973 §r
2186 3909 2203 3977 ΙΙ
2234 3912 2297 3961 13
2332 3914 2389 3961 et
2421 3907 2719 3979 pirotarum

590 4008 642 4049 Ν
661 3997 678 4065 ΙΙ
705 3996 870 4047 ferret
903 3991 1186 4044 tarentinis
1225 4008 1290 4053 ςν
1315 3990 1334 4061 n
1365 3994 1426 4043 15
1451 3991 1676 4045 iubellio
1702 4011 1737 4054 ς
1744 4030 1763 4057 ,
1792 3989 1994 4043 iubelio
2020 4006 2087 4053 ςν
2112 3987 2130 4058 1¹1
2160 3990 2221 4040 19
2249 3985 2605 4039 elefantorum
2629 3997 2680 4038 Ν
2701 3985 2718 4052 ΙΙ

594 4078 658 4127 22
685 4071 839 4126 uenit
860 4083 909 4123 Ν
931 4070 948 4139 Β
973 4068 1394 4139 populabundus
1419 4087 1591 4139 usque
1614 4067 1809 4137 scrvpei
1820 4087 1837 4119 .·
1874 4066 2403 4136 populabundusque
2438 4076 2553 4125 Νςν
2590 4062 2611 4133 u
2634 4080 2719 4114 ro-

596 4176 808 4211 manam
833 4168 914 4217 Νς
941 4158 957 4223 Η
985 4153 1274 4223 praecessit
1298 4165 1380 4215 Νς
1406 4152 1423 4221 ss
1449 4157 1512 4205 23
1542 4172 1574 4205 a
1612 4161 1802 4206 senatu
1839 4169 1921 4202 om
1962 4169 1993 4201 r
2029 4150 2045 4220 fl
2087 4153 2151 4202 24
2192 4145 2403 4203 deneas&
2427 4148 2515 4218 Nu
