3052 4823
1045 356 1108 397 T.
1145 347 1289 398 L'Ivl
1321 353 1696 398 νιι-νιιιι,
2362 337 2442 396 15

314 505 590 572 debitori
635 526 753 570 suo
797 513 1094 586 stuprum
1150 504 1386 568 inferre
1438 463 1793 576 uoluerat]
1820 525 1968 567 cum
2020 506 2097 567 L.
2142 502 2443 588 Papirius

2480 427 2650 438 m.-

317 610 557 674 Cursor
587 607 861 672 dictator
887 629 1180 670 reuersus
1211 607 1283 670 in
1312 607 1541 668 urbem
1570 606 1650 668 ab
1674 605 1958 668 exercitu
1988 615 2156 668 esset
2184 617 2444 720 propter
2505 627 2510 680 ξ

315 707 604 791 auspicia
631 710 1003 791 repetenda,
1039 710 1122 776 Q.
1161 708 1398 772 Fabius
1429 707 1734 790 magister
1764 707 2079 790 equitum,
2111 707 2443 772 occasione
2504 713 2511 782 j:

313 813 483 877 bene
508 811 826 893 gerendae
856 809 950 872 rei
978 809 1336 885 inuitatus,
1383 819 1654 895 contra,
1651 808 1947 894 edictum
1966 809 2115 891 eius
2136 832 2445 904 prospere
2504 836 2509 867 ³

251 927 282 973 5
316 915 624 994 adpersus,
643 911 978 996 Samnites
997 913 1352 996 pugssfflms
1403 904 1488 974 ob
1531 933 1675 974 eam
1704 933 1965 974 causam
1994 935 2141 976 cum
2174 913 2447 977 dictator

317 1017 396 1078 de
428 1013 736 1097 magistro
768 1013 1059 1096 equitum
1091 1013 1482 1097 supplicium
1511 1022 1883 1095 sumpturus
1915 1013 2283 1091 uideretur,
2326 1017 2444 1079 Fa-

314 1116 461 1178 bius
509 1118 788 1180 Romam
830 1116 1118 1200 profugit
1177 1127 1243 1180 et
1271 1137 1421 1180 cum
1449 1136 1678 1198 parum
1710 1137 1903 1178 causa
1930 1117 2299 1198 proficeret,
2333 1139 2445 1200 po-

2499 1021 2506 1054 Ι

313 1217 454 1300 puli
497 1217 793 1301 precibus
839 1219 1114 1281 donatus
1161 1228 1278 1281 est.
1342 1239 1441 1280 res
1485 1227 1813 1299 praeterea
1856 1227 2081 1280 eontra
2120 1219 2443 1282 Samnites
2500 1217 2507 1258 ἶ

315 1340 614 1402 prospere
641 1330 856 1402 gestas
887 1319 1199 1382 eontinet.
2392 1347 2462 1373 ι..
2479 1311 2533 1358 4-

224 1585 288 1633 10
1070 1571 1198 1632 EX
1243 1570 1419 1632 LIB.
1470 1569 1709 1632 VIIII.

325 1791 401 1852 T.
441 1790 744 1854 Veturius
777 1789 1048 1872 Spurius
1090 1790 1464 1853 Postumius
1509 1812 1671 1852 coss.
1723 1790 1896 1872 apud
1948 1788 2159 1853 furcas
2204 1790 2443 1855 Caudi-

319 1914 438 1954 nas
483 1893 758 1954 deducto
805 1892 876 1954 in
917 1892 1132 1955 locum
1164 1904 1378 1954 artum
1408 1891 1693 1955 exercitu
1708 1900 1732 1967 ,⁰
1779 1913 1929 1954 cum
1960 1914 2104 1974 spes
2132 1894 2319 1955 nulla
2350 1916 2444 1956 es-

318 1980 415 2056 set
458 1994 810 2068 euadendi,
874 1993 1126 2057 foedere
1167 1995 1318 2056 curn
1361 1993 1763 2056 Samnitibus
1805 1994 1976 2057 facto
2016 2005 2081 2057 et
2127 1995 2444 2058 sexcentis

319 2096 646 2180 equitibus
705 2095 1018 2159 Romanis
1076 2081 1404 2160 obsidibus
1459 2095 1626 2159 datis
1686 2095 1780 2158 ita
1833 2097 2185 2159 exercitum
2246 2097 2443 2158 abdu-

226 2212 286 2260 15
319 2208 552 2262 xerunt
582 2209 658 2262 ut
689 2220 909 2261 omnes
940 2199 1060 2261 sub
1090 2199 1322 2282 iugum
1349 2197 1792 2272 mitterentur3
1842 2197 2140 2281 idemque
2186 2209 2444 2261 auctore

322 2301 555 2383 Spurio
600 2301 938 2366 Postumio
1000 2309 1159 2376 cos.3
1208 2301 1320 2383 qui
1363 2301 1432 2361 in
1477 2310 1708 2362 senatu
1764 2310 2050 2362 suaserat
2106 2310 2181 2362 ut
2224 2321 2447 2362 eorum

315 2403 641 2477 deditione
660 2451 680 2479 ‚
716 2424 990 2486 quorum
1034 2402 1226 2485 culpa
1270 2411 1405 2465 tam
1443 2402 1723 2465 deforme
1763 2401 1988 2465 foedus
2032 2400 2239 2464 ictum
2282 2415 2439 2478 erat,

319 2505 582 2588 publica
621 2507 782 2568 fides
827 2503 1205 2565 liberaretur
1221 2550 1240 2577 ‚
1304 2525 1454 2564 cum
1505 2504 1755 2567 duobus
1811 2502 2084 2565 tribunis
2128 2505 2333 2586 plebis
2380 2517 2444 2567 et

323 2607 620 2670 omnibus
672 2605 785 2689 qui
828 2605 1051 2668 foedus
1095 2606 1570 2686 spoponderant
1622 2604 1825 2668 dediti
1869 2604 2268 2669 Samnitibus
2311 2628 2444 2669 non

223 2720 290 2771 20
321 2720 477 2772 sunt·
502 2708 762 2792 recepti.
823 2728 942 2769 nec
985 2706 1193 2795 multo
1235 2717 1384 2788 post
1427 2707 1587 2771 fusis
1635 2729 1672 2770 a
1704 2706 1964 2790 Papirio
2007 2709 2280 2771 Cursore
2329 2709 2443 2771 Sa·-

319 2812 632 2875 mnitibus
663 2821 728 2873 et
759 2811 877 2873 sub
908 2808 1136 2891 iugum
1163 2807 1377 2873 missis
1405 2811 1805 2895 receptisque
1850 2809 2169 2874 sexcentis
2214 2811 2445 2894 equiti-

315 2915 440 2975 bus
471 2911 785 2976 Romanis
828 2910 940 2993 qui
985 2910 1237 2973 obsides
1283 2912 1420 2973 dati
1465 2923 1650 2975 erant
1693 2913 1901 2995 pudor
1943 2912 2175 2995 flagitii
2217 2914 2443 2997 prioris

320 3014 596 3078 abolitus
629 3022 747 3077 est.
784 3013 988 3076 tribus
1018 3014 1183 3074 duae
1216 3012 1499 3075 adiectae
1524 3025 1700 3090 sunt,
1722 3014 2033 3077 Ofentina
2064 3022 2128 3074 et
2145 3014 2439 3077 Falerna.

320 3118 553 3181 Suessa
583 3126 648 3179 et
693 3114 964 3179 Pontiae
1005 3106 1317 3175 coloniae*
1340 3115 1653 3178 deductae
1699 3124 1875 3177 sunt.
1952 3113 2204 3195 Appius
2251 3116 2443 3178 Clau-

222 3229 288 3281 25
320 3218 463 3282 dius
495 3239 719 3281 censor
750 3236 984 3298 aquam
1014 3214 1357 3279 Claudiam
1401 3216 1705 3299 perduxit
1722 3264 1742 3291 ,
1787 3214 1965 3278 uiam
2008 3216 2237 3278 strauit
2280 3239 2445 3300 quae

326 3321 543 3405 Appia
600 3328 832 3383 uocata
886 3327 983 3380 est
1000 3366 1020 3393 ,
1083 3316 1531 3382 libertinorum
1586 3318 1753 3383 filios
1795 3316 1865 3380 in
1907 3328 2205 3381 senatum
2257 3320 2437 3404 legit.

319 3423 592 3505 ideoque
637 3420 940 3503 quoniam
983 3420 1039 3481 is
1084 3422 1237 3483 ordo
1296 3421 1583 3504 indignis
1642 3421 2020 3504 inquinatus
2076 3422 2438 3499 uidebatur,

321 3696 349 3743 2
378 3691 578 3745 Cursor
600 3710 683 3743 om
710 3709 741 3743 r
766 3691 784 3762 ΙΙ
811 3694 842 3744 3
870 3691 1180 3745 occassione
1203 3703 1252 3743 N
1274 3692 1290 3760 ΙΙ
1318 3695 1350 3743 4
1386 3692 1473 3745 rei»
1502 3692 1641 3745 bene
1668 3692 1937 3761 gerendae
1961 3710 1992 3744 r
2018 3692 2035 3761 ΙΙ
2063 3692 2181 3745 eius
2216 3692 2443 3761 proelia-

319 3778 410 3823 tus
435 3780 518 3823 est
541 3770 636 3839 qui
659 3788 914 3841 prospere
937 3788 969 3823 r
994 3770 1069 3839 [17
1097 3786 1258 3822 causa
1281 3786 1470 3840 parum
1508 3788 1575 3832 gr
1599 3770 1617 3839 1}
1649 3773 1705 3821 11
1736 3776 1793 3823 et
1828 3770 1923 3858 Sp.
1962 3788 1993 3823 r
2028 3772 2047 3841 u
2085 3788 2205 3827 coss
2238 3788 2323 3821 om
2346 3770 2421 3840 νη

325 3846 596 3899 Caudinas
617 3846 858 3899 furculas
882 3864 914 3899 r
939 3846 957 3917 ΙΙ
988 3849 1050 3899 12
1077 3852 1254 3899 artum
1281 3864 1344 3907 ς.
1382 3846 1609 3899 tacitum
1632 3858 1748 3923 Νς,
1776 3846 2025 3916 iniquum
2048 3864 2080 3899 r
2105 3846 2123 3917 ΙΙ
2150 3846 2301 3899 nulla
2324 3863 2445 3916 spes

322 3946 592 3999 euadendi
615 3954 759 4001 esset
780 3966 812 4001 r
837 3949 856 4019 ΙΙ
886 3952 949 4001 13
976 3946 1232 4002 sescentis
1255 3959 1308 4000 N
1327 3947 1345 4017 11
1377 3950 1439 3999 14
1464 3916 1756 4017 equinibus
1780 3960 1831 4000 N
1850 3947 1868 4015 ΙΙ
1900 3950 1962 3999 18
1997 3947 2103 4001 fide
2138 3960 2187 4000 N
2209 3948 2227 4018 ss
2254 3952 2321 4000 20
2344 3966 2444 4001 nec

324 4025 487 4078 etiam
511 4026 686 4079 multo
710 4034 900 4095 postea
922 4045 954 4079 r
979 4028 996 4098 u
1024 4032 1084 4081 21
1123 4026 1380 4081 sescentis
1403 4039 1454 4079 Ν
1475 4026 1492 4096 ΙΙ
1521 4030 1585 4079 22
1611 4027 1806 4095 prioris
1830 4026 2025 4096 flagitii
2059 4044 2091 4079 r
2116 4028 2133 4098 ΙΙ
2162 4030 2225 4079 23
2258 4028 2447 4083 faleria

318 4104 407 4235 gi!
433 4104 738 4253 {dupontias
761 4118 845 4166 Νς
864 4145 878 4169 ,
907 4106 1106 4158 Pontia
1127 4123 1158 4157 r
1183 4106 1201 4175 ΙΙ
1228 4109 1290 4157 27
1319 4104 1442 4157 ideo
1469 4124 1505 4167 ς
1544 4105 1561 4174 ss
1596 4104 1887 4157 uidebatur
1918 4104 2233 4174 inquinatus
2268 4107 2446 4178 indig-

2582 881 2681 911 »⁸²2³
