3052 4823
527 339 608 400 84
837 411 842 417 ¹
1403 357 1787 401 PERIOOHAE

523 529 710 572 suam
742 508 1148 578 consulatum
1181 517 1396 590 petere
1428 528 1662 570 ausum
1684 506 1873 570 iussit
1898 505 2103 570 occidi
2125 506 2195 569 in
2221 507 2381 584 foro,
2416 519 2481 570 et
2511 523 2661 570 cum

419 681 426 689 ,
527 611 661 685 hoc,
680 609 948 692 indigne
978 609 1168 676 ferret
1197 609 1476 692 populus
1507 610 1881 684 Romanus,
1916 608 2217 672 contione
2250 611 2565 672 aduocata
2596 633 2663 674 se
2708 671 2713 676 .

469 725 476 730 '
527 710 786 774 iussisse
811 709 1003 773 dixit.
1067 713 1189 775 Cn.
1221 710 1580 796 Pompeius
1610 711 1680 773 in
1711 710 1928 774 Africa
1959 712 2081 774 Cn.
2120 711 2489 774 Domitium
2516 734 2661 796 pro-

526 812 836 896 scriptum
865 821 929 874 et
960 812 1277 876 Hiarbam
1305 834 1521 900 regem
1552 811 1903 876 Numidiae
1925 812 2171 876 bellum
2193 813 2531 876 molientes
2562 813 2661 876 ui-

529 913 664 978 ctos
719 913 953 977 occidit
1019 923 1084 976 et
1142 924 1445 1000 quattuor
1497 925 1563 978 et
1618 914 1858 998 uiginti
1905 936 2107 1007 annos
2152 924 2347 977 natus
2367 962 2386 990 ‚
2451 916 2664 978 adhuc
2697 929 2729 977 5

413 1104 422 1112 .
529 1038 720 1099 eques
751 1017 1112 1092 Romanus,
1148 1018 1320 1098 quod
1349 1016 1517 1079 nulli
1550 1017 1929 1100 contigerat,
1968 1038 2050 1078 ex
2070 1015 2290 1078 Africa
2306 1015 2661 1098 triumpha-

528 1119 681 1181 uit..
736 1118 810 1180 G.
863 1118 1210 1180 Norbanus
1271 1119 1626 1182 consularis
1669 1118 2060 1202 proscriptus
2107 1117 2179 1179 in
2224 1120 2382 1180 urbe
2426 1119 2661 1181 Rhodo

529 1220 1367 1300 cum·conprehenderetur,
1414 1220 1554 1303 ipse
1585 1220 1937 1310 seoccidit.
2012 1219 2291 1283 Mutilus
2311 1268 2331 1295 ,
2377 1242 2547 1283 unus
2580 1242 2662 1283 ex

528 1320 934 1410 proscriptis,
982 1322 1151 1384 clam
1180 1321 1388 1403 capite
1421 1323 1723 1405 adoperto
1756 1307 1837 1385 ad
1867 1322 2145 1406 posticas
2177 1321 2365 1384 aedes
2398 1321 2691 1400 Bastiae·
2762 1335 2769 1341 “

529 1424 745 1488 uxoris
777 1445 925 1485 cum
956 1422 1360 1500 accessisset,
1407 1423 1724 1488 admissus
1754 1446 1887 1486 non
1932 1433 2066 1512 est,
2111 1422 2263 1506 quia
2304 1412 2491 1486 illuni
2520 1445 2662 1507 pro·
2700 1435 2766 1486 10
2824 1483 2830 1488 ,

457 1569 466 1577 -
531 1527 845 1610 scriptum
875 1521 1132 1588 diceret.
1199 1524 1416 1608 itaque
1458 1525 1603 1609 ipse·
1634 1547 1709 1589 se·
1733 1525 2075 1588 transfodit
2104 1534 2168 1588 et
2196 1524 2514 1608 sanguine
2546 1545 2662 1586 suo
2708 1599 2717 1608 ·

529 1630 706 1692 fores·
750 1627 966 1691 uxoris
1020 1626 1339 1708 respersit.
1414 1628 1597 1714 Sylla
1620 1635 1891 1706 ‚·†mtam
1940 1628 2009 1690 in
2078 1615 2345 1689 Samnio
2396 1625 2655 1708 recepit.

530 1751 722 1794 XLVII
753 1729 1038 1812 legiones
1069 1727 1140 1789 in
1173 1716 1354 1811 agros
1386 1737 1605 1812 captos
1652 1730 1956 1806 deduxit,
2006 1739 2071 1792 et
2118 1751 2225 1792 eos
2267 1727 2368 1790 his
2409 1726 2657 1790 diuisit.

529 1834 898 1897 Volaterras
917 1880 936 1908 ‚
986 1830 1157 1911 quod
1199 1829 1508 1912 oppidum
1552 1818 1760 1894 adhuc
1791 1831 1862 1893 in
1893 1824 2086 1894 armis
2127 1840 2263 1893 erat
2306 1831 2659 1905 obsessum,

531 1933 598 1994 in
632 1932 1028 1995 deditionem
1073 1931 1342 2013 accepit.
1423 1931 1781 2014 Mitylenae
1825 1955 2079 2016 quoque
2125 1933 2196 1995 in
2240 1931 2433 2007 Asia,
2497 1953 2662 2014 quae
2698 1943 2763 1992 15

533 2035 669 2098 sola
698 2036 850 2097 urbs
842 2043 1043 2147 &post
1078 2032 1326 2096 uictum
1357 2032 1806 2098 Mithridatem
1838 2057 2013 2098 arma
2056 2034 2412 2124 retinebat,
2462 2056 2661 2116 expu-

497 2137 504 2144 ’
532 2133 774 2220 gnatae
791 2101 1172 2217 dirutaeque
1204 2145 1378 2208 sunt.

1315 2376 1444 2439 EX
1490 2376 1665 2440 LIB.
1716 2377 1880 2493 xc.
1935 2333 1941 2338 ’

537 2500 718 2631 Sylla
769 2546 1079 2623 decessit,
1129 2547 1475 2628 honosque
1530 2546 1591 2608 ei
1635 2568 1674 2608 a
1724 2556 1956 2609 senatu
2007 2547 2267 2647 habitus
2321 2558 2419 2611 est
2470 2559 2544 2612 ut
2594 2549 2666 2611 in

535 2662 760 2731 campo
805 2648 1044 2709 Martio
1103 2640 1501 2728 sepeliretur.
1581 2638 1677 2715 M
1729 2648 2015 2732 Lepidus
2069 2639 2223 2713 cum
2266 2660 2409 2712 acta
2455 2651 2669 2733 Syllae
2700 2663 2769 2713 20

536 2760 877 2837 temptaret
905 2747 1288 2823 rescindere,
1320 2748 1567 2811 bellum
1596 2750 1929 2813 excitauit.
1982 2773 2020 2813 a
2050 2753 2133 2819 Q.
2157 2753 2392 2815 Catulo
2422 2754 2670 2835 collega
2714 2807 2721 2816 .

537 2852 730 2915 Italia
759 2851 982 2933 pulsus
997 2844 1079 2911 set
1118 2850 1187 2911 in
1233 2850 1549 2913 Sardinia
1574 2850 1811 2913 frustra
1855 2854 2111 2916 bellum'
2140 2853 2403 2917 molitus
2448 2854 2660 2937 periit.

466 2962 474 2971 ‘
534 2952 630 3016 M.
662 2958 928 3039 BrutUS,
965 2952 1074 3035 qui
1106 2946 1488 3035 cisalpinam
1518 2952 1805 3016 Galliam
1836 2956 2169 3038 optinebat
2190 3003 2211 3031 ,
2250 2978 2287 3017 a
2317 2956 2440 3018 Cn.
2474 2958 2664 3019 Pom·
2694 3011 2701 3017 .

461 3039 502 3077 .·
535 3056 680 3139 peio
693 3054 960 3119 'occisus
993 3068 1112 3117 est.
1167 3056 1248 3121 Q.
1265 3054 1608 3117 Sertorius
1638 3054 2050 3139 proscriptus
2078 3056 2148 3118 in
2193 3056 2496 3119 ulteriore
2542 3058 2666 3119 Hi-
2706 3040 2713 3046 ⁸
2746 3082 2755 3090 ·

445 3218 454 3225 ,
537 3156 764 3239 spania
793 3156 1024 3239 ingens
1053 3158 1296 3220 bellum
1315 3156 1661 3219 excitauit.
1729 3158 1805 3219 L.
1844 3157 2132 3221 Manlius
2176 3180 2424 3254 procos.
2456 3168 2527 3220 et
2562 3160 2661 3221 M.
2700 3168 2768 3220 25

537 3257 864 3320 Domitius
896 3258 1146 3341 legatus
1179 3260 1258 3321 ab
1300 3258 1632 3322 Hirtuleio
1664 3270 1996 3355 quaestore
2026 3259 2268 3343 proelio
2299 3258 2459 3321 uicti
2488 3269 2662 3321 sunt.
2756 3265 2763 3273 ’

543 3563 560 3611 1
595 3526 936 3611 consulatum
975 3576 1059 3610 om
1095 3576 1127 3610 r
1151 3559 1170 3631 fl
1197 3559 1436 3613 interimi
1469 3578 1501 3612 r
1526 3561 1545 3631 l}
1572 3565 1601 3614 2
1640 3562 1745 3615 hoc
1782 3561 1974 3633 omfss
2008 3568 2209 3614 uocata
2236 3579 2268 3614 r
2292 3562 2310 3632 ΙΙ
2338 3565 2369 3613 4
2406 3560 2672 3613 Hiar-bam
2714 3528 2751 3577 Ι·

419 3694 426 3700 ,
538 3638 788 3708 Siyoniics
805 3658 824 3689 .-
859 3637 1090 3691 hiertam
1103 3652 1164 3701 ,N
1174 3679 1188 3704 ‚
1207 3638 1479 3692 :hieritam
1504 3658 1570 3705 ς,
1601 3640 1857 3694 hiericam
1885 3656 1950 3701 ςν
1975 3639 1993 3709 ΙΙ
2018 3639 2380 3692 Numidarum
2415 3656 2447 3690 r
2473 3640 2491 3708 Η
2518 3642 2548 3690 5
2586 3638 2668 3689 in-

239 3710 247 3717 ’
345 3778 352 3785 ι
393 3780 398 3787 1
449 3748 454 3753 -
507 3782 514 3787 Ι
536 3716 752 3779 teremit
775 3733 806 3766 r
831 3716 847 3785 ΙΙ
874 3716 1051 3767 adhuc
1077 3733 1240 3786 eques
1279 3711 1458 3768 adhuc
1494 3729 1547 3768 N
1567 3717 1585 3786 ss
1614 3720 1643 3768 6
1670 3717 1819 3786 quod
1844 3715 2063 3785 quidem
2087 3716 2293 3768 nemini
2317 3734 2348 3767 r
2374 3716 2391 3785 ΙΙ
2412 3722 2683 3784 contege:

535 3801 620 3847 rat
641 3806 692 3847 N
711 3794 730 3864 Η
759 3799 785 3847 7
815 3795 875 3847 C.
903 3791 1176 3863 8ί9οηὴιὲ.
1172 3816 1184 3827 ·
1223 3812 1306 3846 cn.
1346 3795 1504 3865 ΝςνῙΙ
1534 3799 1563 3847 8
1600 3814 1659 3848 se
1692 3796 1812 3867 ipse
1851 3790 2143 3847 interemit.
2172 3790 2431 3847 Metellus
2457 3812 2523 3847 ex
2548 3812 2672 3864 pro·
2706 3790 2713 3797 ’

533 3870 750 3941 scriptis
774 3887 922 3922 unus
945 3888 976 3921 r
1001 3870 1018 3938 ΙΙ
1047 3873 1076 3921 9
1116 3867 1370 3937 posticias
1405 3880 1506 3932 Νς
1515 3870 1532 3939 [Ι
1559 3870 1828 3941 posticum
1864 3870 2013 3922 aedis
2052 3888 2087 3921 r.
2109 3870 2127 3939 ΙΙ
2159 3873 2220 3923 10
2254 3871 2477 3924 minime
2502 3890 2533 3923 r
2559 3872 2595 3939 ΙΙ
2607 3874 2665 3923 11

537 3950 652 4025 ipse
677 3968 761 4001 om
788 3966 853 4011 ςν
876 3948 896 4017 ss
929 3952 988 4000 1
960 3952 988 3989 ⁶)
1015 3947 1200 4001 uxoris
1226 3966 1310 3999 om
1334 3966 1365 3999 r
1391 3949 1409 4018 11
1435 3950 1614 4002 nolam
1626 3967 1697 4018 9
1672 3968 1733 4001 -r
1760 3950 1776 4019 ΙΙ
1804 3968 1835 4002 a
1860 3949 2197 4003 Samnitibus
2230 3950 2533 4003 Gronouius
2559 3950 2577 4019 ss
2609 3953 2670 4003 13
2728 3988 2735 3993 -

505 4072 511 4075 .
536 4029 593 4079 in
618 4045 702 4079 om
724 4039 804 4095 Ν9
831 4026 848 4095 n
871 4029 941 4077 14
967 4027 1131 4095 athuc
1154 4038 1206 4079 Ν
1226 4025 1244 4095 ΙΙ
1276 4028 1338 4078 16
1363 4026 1674 4079 retinebant
1706 4038 1785 4095 Ν9
1815 4026 1832 4095 ΙΙ
1862 4029 1927 4077 20
1966 4044 2039 4079 111.
2076 4028 2324 4081 aemilius
2349 4029 2563 4097 lepidus
2591 4048 2625 4089 ς
2651 4026 2669 4095 ΙΙ

443 4122 450 4127 ·
491 4131 498 4137 ·
535 4100 599 4157 21'
630 4112 685 4157 et
709 4122 741 4156 a
764 4122 795 4155 r
821 4104 838 4173 ΙῙ
867 4107 931 4155 22
958 4102 1146 4172 pulsus
1171 4109 1254 4155 est
1272 4120 1336 4165 gr
1361 4104 1378 4172 ΙΙ
1406 4104 1610 4174 peritN
1630 4102 1648 4173 ΙΙ
1676 4108 1739 4155 23
1755 4102 2022 4156 tenebatr
2048 4104 2065 4175 u
2094 4109 2158 4157 25
2180 4108 2245 4159 L.
2266 4106 2535 4189 Siyomus,
2566 4105 2667 4156 Cn.

473 4206 478 4210 ·
535 4181 861 4233 Drakenbor
863 4181 1010 4234 ohim
1037 4182 1056 4250 ΙΙ
1081 4182 1161 4233 Μ.
1194 4182 1467 4235 Antonius
1493 4200 1524 4233 r
1550 4182 1567 4252 ss
1595 4185 1662 4234 26
1672 4180 1955 4287 herculeio
1978 4202 2044 4246 ςν
2068 4181 2087 4252 Π
2114 4185 2332 4238 uictunt
2351 4188 2401 4237 N
2422 4188 2439 4253 ss
