3052 4823
398 3368 471 3436 4(

493 387 500 393 ,
527 326 610 387 36
1396 345 1779 389 PERroann

527 493 817 577 Sulpicio
839 493 1092 558 consuli
1113 495 1494 557 mandatum
1517 506 1642 571 est,·
1668 494 1781 577 qui
1803 493 2087 558 exercitu
2109 493 2179 557 in
2204 495 2275 556 M
2280 495 2653 559 acedoniam

525 597 720 658 ducto
749 595 1147 678 equestribus
1177 595 1436 679 proeliis
1463 607 1763 679 prospere
1792 617 1941 658 cum
1966 594 2273 678 Philippo
2302 597 2648 679 pugnauit.

524 696 822 780 Abydeni
874 719 912 759 a
955 697 1261 781 Philippo
1314 697 1554 760 obsessi
1600 697 1681 758 ad
1732 697 2101 779 exemplum
2146 697 2657 780 Saguntinorum

527 820 676 862 suos
708 819 901 881 seque
931 797 1322 862 occiderunt.
1392 800 1470 861 L.
1508 797 1743 860 Furius
1774 808 2026 880 praetor
2071 798 2298 862 Gallos
2347 799 2655 862 Insubres

526 900 910 964 rebellantes
942 909 1005 962 et
1029 901 1472 964 Hamilcarem
1504 901 1800 962 Poenum
1829 899 2075 962 bellum
2102 898 2175 960 in
2205 920 2281 960 ea
2307 909 2489 981 parte
2521 902 2654 963 Ita·
2690 914 2723 961 5

523 1001 650 1064 liae
679 999 1052 1064 molientem
1095 1003 1228 1064 acie
1274 1002 1455 1078 uicit.
1516 999 1853 1064 Hamilcar
1883 1022 1957 1063 eo
1986 1002 2156 1064 bello
2188 1000 2433 1064 occisus
2464 1011 2560 1064 est
2592 1012 2655 1064 et

525 1102 708 1165 milia
736 1102 1073 1166 hominum
1104 1125 1315 1167 xxxv.
1380 1113 1704 1186 praeterea
1749 1101 2188 1185 expeditiones
2220 1100 2514 1184 Philippi
2558 1123 2651 1163 re-

527 1203 628 1287 gis
659 1213 724 1266 et
749 1203 1018 1290 Sulpici
1061 1205 1342 1268 consulis
1374 1204 2013 1287 expugnationesque
2058 1202 2318 1265 urbium
2360 1204 2439 1265 ab
2480 1215 2653 1291 utro-

529 1327 678 1392 que
683 1285 884 1368 factas
915 1305 1224 1368 continet.
1295 1305 1622 1388 Sulpicius
1654 1305 1880 1367 consul
1907 1304 2155 1387 bellum
2185 1305 2443 1386 gerebat
2474 1285 2654 1366 adiu-

529 1407 838 1470 uantibus
867 1427 1016 1490 rege
1045 1408 1268 1470 Attalo
1299 1418 1364 1470 et
1405 1406 1702 1470 Rhodiis.
1751 1383 2179 1488 triumphauit
2209 1406 2289 1467 de
2321 1403 2531 1468 Gallis
2576 1404 2760 1465 L.10

529 1507 767 1573 Furius
803 1519 1076 1590 praetor.

1253 1743 1380 1805 EX
1425 1743 1603 1804 LIB.
1654 1741 1966 1804 XXXII.

535 1913 864 1994 Conplura
891 1909 1182 1994 prodigia
1226 1933 1306 1973 ex
1337 1909 1607 1973 diuersis
1636 1910 2005 1992 regionibus
2046 1910 2349 1974 nuntiata
2377 1909 2660 1972 referun-

532 2022 672 2086 tur,
719 2011 888 2074 inter
932 2033 1094 2094 quae
1138 2011 1206 2072 in
1239 2010 1624 2073 Macedonia
1649 2010 1720 2072 in
1760 2033 1977 2094 puppe
2021 2013 2253 2094 longae
2296 2011 2483 2074 nauis
2521 2012 2661 2073 lau-

533 2135 706 2176 ream
751 2135 888 2176 esse
931 2121 1172 2174 natam.
1253 2113 1332 2174 T.
1369 2111 1682 2180 Quintius
1724 2111 2131 2174 Flamininus
2176 2133 2304 2174 cos,
2354 2113 2661 2174 aduersus
2697 2122 2763 2172 15

536 2213 916 2297 Philippum
946 2214 1217 2277 feliciter
1255 2213 1577 2296 pugnauit
1619 2213 1689 2275 in
1730 2213 2023 2276 faucibus
2068 2212 2249 2296 Epiri
2265 2261 2285 2288 ,
2336 2213 2661 2294 fugatum-

538 2338 660 2398 que
691 2315 900 2398 coegit
929 2316 1000 2378 in
1030 2338 1304 2398 regnum
1348 2314 1608 2378 reuerti.
1686 2315 1824 2398 ipse
1866 2312 2266 2377 Thessaliam
2284 2360 2304 2389 ,
2369 2335 2531 2395 quae
2564 2323 2661 2376 est

536 2419 754 2481 uicina
785 2418 1226 2494 Macedoniae,
1261 2418 1448 2481 sociis
1477 2418 1727 2481 Aetolis
1760 2428 1825 2480 et
1854 2415 2329 2499 Athamanibus
2362 2414 2655 2477 uexauit.

536 2522 614 2583 L.
652 2518 964 2587 Quintius
1005 2519 1408 2582 Flamininus
1453 2520 1647 2582 frater
1686 2518 1965 2582 consulis
1994 2516 2232 2579 'nauali
2274 2515 2515 2599 proelio
2544 2515 2663 2577 At-

540 2621 670 2684 talo
699 2642 848 2703 rege
879 2631 944 2682 et
973 2619 1248 2683 Rhodiis
1294 2619 1757 2683 adiuuantibus
1799 2620 2130 2682 Euboeam
2172 2628 2236 2681 et
2278 2615 2671 2705 maritimam
2700 2603 2771 2678 2ο

540 2742 716 2784 oram
745 2746 793 2781 «ι.
840 2720 1085 2783 Achaei
1123 2720 1190 2782 in
1237 2720 1591 2783 amicitiam
1631 2720 1868 2804 recepti
1906 2729 2079 2782 sunt.
2138 2728 2502 2801 praetorum
2542 2739 2662 2778 nu-

501 2816 510 2825 ’
539 2844 752 2885 merus
783 2820 1126 2903 ampliatus
1159 2832 1256 2884 est
1272 2868 1292 2897 ,
1338 2831 1413 2883 ut
1459 2821 1600 2884 seni
1630 2816 2015 2883 crearentur.
2065 2818 2420 2882 coniuratio
2452 2839 2663 2881 seruo-

540 2944 686 2986 rum
714 2922 882 2985 facta
911 2924 988 2985 de
1019 2922 1342 2986 soluendis
1355 2920 1989 3005 Carthaginiensium
2006 2920 2333 2983 obsidibus
2364 2940 2665 3001 oppressa

543 3034 674 3099 est,
737 3026 867 3087 duo
909 3024 1090 3087 milia
1121 3044 1166 3087 n
1195 3023 1428 3087 necati.
1507 3022 1847 3086 Cornelius
1894 3022 2220 3104 Cethegus
2267 3042 2397 3082 coS.
2436 3019 2662 3081 Gallos

545 3126 850 3189 Insubres
879 3124 1122 3206 proelio
1151 3125 1342 3187 fudit.
1406 3146 1556 3188 cum
1599 3122 2121 3185 Lacedaemoniis
2163 3131 2228 3184 et
2260 3132 2533 3204 tyranno
2562 3140 2666 3181 eo·
2698 3131 2768 3181 25

543 3249 688 3289 rum
716 3226 972 3290 Nabide
1018 3226 1302 3290 amicitia
1343 3226 1569 3289 iuncta
1612 3234 1730 3287 est.
1790 3233 2117 3306 praeterea
2156 3220 2666 3305 expugnationes

543 3327 804 3391 urbium
832 3327 903 3389 in
935 3328 1316 3390 Macedonia
1344 3328 1727 3390 referuntur.
2621 3332 2630 3339 ’

551 3615 575 3664 1
603 3608 920 3663 macedonia
941 3608 1030 3677 ΝΠ
1057 3611 1086 3660 2
1115 3626 1236 3661 cum
1273 3608 1521 3678 philippo
1546 3623 1799 3677 prospere
1839 3622 1905 3668 ςν
1930 3605 1948 3675 n
1973 3608 2003 3658 3
2042 3604 2307 3658 aboedeni
2341 3615 2392 3657 Ν
2411 3603 2430 3671 l}
2456 3606 2487 3654 4
2523 3602 2673 3654 insu-

546 3689 670 3741 bras
693 3698 744 3740 N
765 3688 782 3757 n
811 3690 840 3737 5
866 3683 1048 3738 italiae
1073 3702 1154 3736 om
1184 3703 1250 3746 ςν
1273 3686 1291 3753 ΙΙ
1320 3688 1351 3737 6
1377 3690 1440 3736 eo
1465 3684 1522 3736 in
1547 3682 1692 3735 bello
1716 3698 1748 3733 r
1772 3681 1790 3751 ss
1817 3683 1849 3732 9
1872 3680 2077 3735 bellum
2102 3680 2326 3751 gerebat
2350 3684 2479 3747 post
2514 3677 2668 3729 Rho-

551 3764 656 3817 diis
670 3764 832 3833 ponit
851 3780 883 3815 r
905 3762 925 3831 ss
960 3764 1019 3811 14
1045 3760 1214 3830 puppi
1251 3777 1283 3812 r
1308 3760 1326 3829 Η
1366 3762 1426 3811 17
1463 3758 1747 3812 thesaliam
1791 3768 1876 3819 Νς
1913 3758 1931 3827 ΙΙ
1974 3760 2037 3809 18
2075 3756 2433 3809 acarnanibus
2472 3772 2538 3817 ςν
2562 3756 2579 3825 {l
2610 3757 2673 3805 19

552 3842 792 3895 consulis
815 3841 982 3892 frater
1008 3855 1074 3899 ςν
1099 3837 1116 3906 ΙΙ
1143 3836 1325 3889 nauali
1361 3837 1569 3907 proelio
1593 3854 1677 3889 om
1716 3852 1751 3897 ς
1788 3835 1805 3905 ΙΙ
1844 3837 1904 3887 21
1948 3850 2095 3886 oram
2136 3832 2281 3903 cepit
2313 3849 2345 3884 r
2370 3833 2389 3902 ΙΙ
2416 3834 2480 3884 22
2523 3830 2675 3883 senio

547 3932 597 3972 Ν
619 3919 637 3988 ΙΙ
665 3922 729 3971 23
751 3914 1288 3984 Carthaginiensibus
1311 3930 1344 3965 r
1368 3912 1386 3983 fl
1413 3917 1478 3965 24
1504 3928 1545 3966 D
1581 3930 1665 3965 om
1692 3927 1758 3973 ςν
1782 3909 1801 3979 fl
1826 3906 2003 3961 necati
2030 3914 2160 3961 sunt
2182 3925 2214 3960 r
2239 3909 2260 3977 u

2998 1077 3005 1083 .

3033 1961 3034 2020 ᾼᾼ
3022 730 3035 1945 ψῷ.
3032 522 3035 587 -.
3032 302 3035 433 .—
3033 215 3034 236 ᾼ
3032 131 3034 200 “hx
