3052 4823
1111 358 1172 400 T.
1209 358 1353 402 L1v1
1384 356 1712 401 (πυ-(31111.
2434 340 2511 402 91

393 506 658 573 Clodius
692 509 773 570 ad
813 508 1068 591 plebem
1111 508 1390 571 transiit.
1453 509 1529 573 C.
1581 508 1818 572 Caesar
1852 505 2199 572 Lusitanos
2244 509 2518 593 subegit.

396 634 597 695 eoque
626 610 1001 674 consulatus
1032 610 1376 674 candidato
1408 620 1473 673 et
1503 620 1804 694 captante
1826 632 1965 673 rem
1986 611 2314 694 publicam
2342 611 2526 674 inua-

389 716 536 778 dere
567 712 953 795 conspiratio
982 712 1161 789 inter,
1183 724 1309 777 tres
1342 712 1627 776 ciuitatis
1656 712 1979 796 principes
2009 714 2181 777 faeta
2210 723 2329 789 est,
2392 713 2515 776 Cn.

396 816 780 899 Pompeium
839 816 935 877 M.
986 817 1292 881 Crassum
1350 817 1426 880 C.
1474 818 1837 879 Caesarem.
1926 816 2099 899 leges
2160 815 2443 899 agrariae
2489 838 2529 878 a

333 933 364 982 5
397 920 666 983 Caesare
695 938 826 981 cOS.
878 939 1027 981 cum
1070 942 1308 1003 magna
1349 918 1762 982 contentione
1803 916 2014 982 inuito
2056 928 2286 981 senatu
2328 930 2393 981 et
2436 918 2527 979 al·

395 1033 530 1084 tero
562 1020 828 1084 consule
861 1022 956 1083 M.
995 1022 1232 1085 Bibulo
1261 1022 1431 1085 latae
1463 1030 1638 1085 sunt.
1690 1021 1765 1083 C.
1801 1021 2129 1084 Antonius
2174 1041 2421 1103 procos.
2459 1018 2615 1081 irs*

398 1120 674 1186 Thracia
702 1143 932 1204 parum
959 1146 1257 1207 prospere
1301 1144 1437 1186 rem
1478 1123 1704 1206 gessit.
1771 1124 1867 1186 M.
1923 1124 2147 1188 Cicero
2190 1124 2333 1206 lege
2365 1144 2404 1185 a
2440 1122 2521 1185 P.

397 1224 625 1289 Clodio
655 1234 737 1287 tr.
774 1225 864 1308 pl.
901 1226 1070 1302 lata,
1127 1228 1300 1309 quod
1343 1223 1752 1288 indemnatos
1784 1225 1958 1287 ciues
2003 1225 2402 1302 necauisset,
2458 1224 2530 1287 in

396 1326 666 1390 exilium
693 1326 926 1391 missus
958 1337 1077 1391 est.
1156 1328 1391 1390 Caesar
1434 1326 1506 1389 in
1550 1327 1956 1409 prouinciam
1999 1328 2283 1399 Galliam
2323 1328 2529 1412 profe·

303 1442 370 1493 10
399 1440 542 1492 ctus
572 1428 945 1505 HeluetiOS,
981 1451 1222 1512 uagam
1253 1438 1545 1511 gentem,
1582 1428 1855 1504 domuit,
1892 1451 2055 1511 quae
2082 1432 2300 1493 sedem
2340 1451 2530 1513 quae·

395 1553 542 1595 rens
571 1552 686 1613 per
714 1530 1116 1612 prouinciam
1139 1530 1432 1595 Caesaris
1458 1530 1829 1593 Narbonem
1852 1528 1975 1592 iter
2004 1530 2211 1594 facere
2243 1532 2525 1594 uolebat.

398 1644 728 1717 praeterea
773 1630 972 1694 situm
1017 1632 1382 1696 Galliarum
1427 1631 1739 1695 continet.
1802 1632 2151 1716 Pompeius
2196 1634 2275 1696 de
2314 1630 2532 1694 liberis

403 1734 802 1799 Mithridatis
836 1734 1115 1819 Tigrane
1146 1745 1210 1798 et
1243 1733 1543 1818 Tigranis
1566 1733 1701 1797 filio
1734 1733 2183 1817 triumphauit,
2218 1736 2531 1818 Magnus-

401 1858 524 1920 que
557 1858 596 1899 a
615 1822 766 1901 'tota
793 1838 1093 1902 contione
1123 1838 1565 1901 consalutatus
1598 1846 1716 1900 est.
1870 1868 1877 1875 ·

309 2086 374 2137 15
1149 2073 1279 2136 EX
1323 2074 1497 2137 LIB.
1550 2074 1784 2137 CIIII.

317 2232 324 2238 ⁸
407 2244 626 2309 Prima
653 2267 800 2328 pars
830 2244 979 2308 libri
1019 2243 1220 2307 situm
1265 2242 1652 2308 Germaniae
1694 2265 2029 2326 moresque
2076 2242 2388 2307 continet.
2450 2242 2525 2305 C.

404 2349 637 2414 Caesar
666 2370 816 2411 cum
845 2348 1152 2410 aduersus
1185 2347 1568 2421 Germanos,
1604 2345 1715 2428 qui
1737 2344 2065 2408 Ariouisto
2088 2348 2250 2408 duce
2280 2344 2352 2407 in
2377 2342 2533 2407 Gal-

403 2451 559 2516 liam
588 2450 1152 2525 transcenderant,
1201 2447 1556 2510 exercitum
1584 2449 1845 2511 duceret
1884 2457 2145 2530 rogatus
2178 2449 2255 2510 ab
2286 2447 2533 2510 Aeduis

403 2563 467 2616 et
501 2553 818 2636 Sequanis
836 2600 857 2629 ,
891 2573 1166 2635 quorum
1197 2571 1348 2633 ager
1375 2548 1856 2632 possidebatur,
1894 2548 2387 2632 trepidationem
2416 2547 2535 2610 mi-

303 2667 372 2718 2⁰
401 2655 594 2720 litum
622 2665 881 2739 propter
908 2664 1155 2718 metum
1186 2673 1506 2715 nouorum
1551 2650 1839 2717 hostium
1879 2664 2086 2715 ortam
2128 2651 2535 2716 adlocutione

400 2758 716 2822 exercitus
758 2756 1044 2820 inhibuit
1103 2766 1168 2818 et
1211 2755 1417 2817 uictos
1461 2753 1706 2837 proelio
1752 2755 2109 2820 Germanos
2154 2754 2374 2819 Gallia
2428 2776 2534 2817 ex-

407 2861 599 2944 pulit.
652 2862 746 2923 M'.
785 2860 1007 2923 Cicero
1041 2857 1350 2941 Pompeio
1379 2856 1549 2921 inter
1580 2856 1738 2920 alios
1770 2881 1867 2921 res
1898 2869 2159 2941 gerente
2192 2868 2255 2922 et
2287 2859 2365 2920 T.
2400 2857 2536 2920 An-

404 2963 517 3025 nio
548 2960 796 3022 Milone
827 2969 905 3022 tr.
941 2961 1034 3042 pl.
1073 2958 1326 3041 ingenti
1370 2958 1608 3040 gaudio
1652 2973 1911 3022 senatus
1957 2983 2031 3022 ac
2076 2960 2274 3028 totius
2307 2959 2537 3025 Italiae

409 3064 488 3123 ab
543 3059 736 3121 exilio
787 3060 1092 3121 reductus
1145 3069 1261 3120 est.
1327 3059 1450 3120 Cn.
1504 3059 1814 3139 Pompeio
1854 3080 1968 3140 per
2019 3060 2539 3142 quinquennium

311 3175 377 3222 25
411 3180 706 3224 annonae
752 3181 903 3221 cura
955 3159 1260 3220 mandata
1303 3166 1419 3220 est.
1493 3159 1729 3221 Caesar
1767 3158 2120 3221 Ambianos
2161 3159 2538 3224 Suessionas

411 3261 883 3326 Viromanduos
911 3260 1273 3336 AtrebateS,
1311 3261 1656 3342 Belgarum
1679 3261 1971 3343 populos,
2009 3282 2280 3342 quorum
2309 3259 2539 3347 ingens

408 3362 759 3428 multitudo
811 3371 948 3426 erat
966 3411 986 3439 ,
1031 3361 1273 3446 proelio
1319 3362 1526 3427 uictos
1570 3362 1640 3425 in
1684 3361 2079 3426 deditionem
2124 3361 2370 3447 accepit
2386 3411 2407 3440 ,
2466 3385 2540 3432 ao

414 3653 434 3701 1
469 3649 660 3702 transit
682 3662 766 3712 Νς
789 3650 807 3720 11
834 3668 890 3720 g.
916 3650 1005 3719 Ν11
1033 3653 1064 3702 4
1089 3655 1146 3703 et
1167 3650 1228 3703 C.
1259 3649 1541 3702 Caesarem
1565 3666 1597 3700 r
1622 3647 1639 3719 11
1667 3653 1696 3701 5
1724 3648 1959 3702 maxima
1993 3665 2026 3702 r
2050 3649 2068 3719 11
2096 3653 2125 3701 7
2166 3649 2235 3702 ab
2270 3665 2357 3719 ap.
2397 3647 2541 3702 clau.

409 3726 499 3780 dio
527 3745 592 3790 ςν
617 3727 634 3797 11
663 3733 693 3781 8
721 3729 848 3799 quia
871 3747 902 3780 r
927 3730 944 3797 11
972 3731 1003 3780 9
1030 3737 1113 3781 est
1135 3746 1220 3780 om
1243 3740 1328 3790 Νς
1353 3728 1369 3798 11
1402 3731 1457 3779 11
1475 3727 1886 3780 Narbonensem
1909 3725 2212 3779 G'ronouius
2238 3727 2255 3796 11
2282 3726 2543 3782 uolebant

404 3818 456 3858 N
475 3805 494 3875 11
524 3809 585 3859 12
613 3807 680 3859 de
714 3807 1039 3860 Mithridate
1075 3806 1255 3859 ductis
1294 3812 1418 3859 ante
1457 3823 1675 3860 currum
1710 3804 2048 3858 Mithridatis
2100 3804 2402 3858 Gronouius
2430 3805 2446 3875 11
2478 3809 2540 3859 13

407 3886 616 3956 trigane
649 3887 738 3956 Ν11
770 3890 833 3940 14
867 3887 1180 3940 consulatus
1216 3899 1267 3940 Ν
1288 3887 1305 3958 11
1337 3890 1400 3940 16
1439 3905 1494 3957 g.
1532 3900 1580 3940 N
1603 3888 1621 3958 11
1653 3891 1713 3939 17
1752 3887 1947 3940 Caesar
1991 3891 2180 3939 contra
2214 3903 2246 3937 r
2270 3886 2289 3956 11
2315 3887 2541 3941 ariuisto

409 3973 471 4025 Ν,
503 3963 708 4016 aruisto
731 3981 769 4051 9
794 3965 812 4034 11
844 3967 906 4016 18
933 3963 1324 4017 descenderant
1347 3981 1380 4016 r
1405 3963 1422 4033 11
1449 3964 1665 4016 Heduis
1688 3981 1721 4016 r
1746 3963 1765 4034 11
1792 3966 1853 4016 21
1886 3961 2065 4016 Gallia
2089 3963 2238 4015 omni
2261 3981 2294 4016 r
2320 3963 2337 4034 11
2364 3968 2429 4017 22
2455 3983 2542 4019 res
2590 3970 2597 3976 '

409 4046 634 4110 gerente
657 4040 883 4110 scripsi.-
911 4047 1164 4094 exerente
1187 4053 1250 4105 Ν,
1281 4049 1567 4096 exercente
1588 4059 1657 4110 9,
1688 4047 1877 4094 orante
1904 4057 1971 4102 ςν
1996 4039 2013 4109 11
2042 4043 2106 4092 23
2132 4040 2305 4110 plebis
2344 4050 2540 4113 agente

409 4135 441 4169 r
465 4117 483 4186 11
509 4116 796 4172 uniuersae
832 4117 906 4186 rss
944 4120 1010 4169 25
1049 4117 1353 4172 suessiones
1391 4136 1458 4181 ςν
1497 4118 1515 4188 11
1555 4122 1621 4172 26
1656 4117 2004 4170 uiromandos
2042 4133 2080 4178 ς
2119 4117 2137 4186 11
2176 4119 2396 4188 quidem
2428 4137 2541 4173 ma·-

412 4196 560 4250 xima
582 4214 614 4248 r
639 4198 656 4266 11
