3052 4823
1195 362 1256 404 T.
1293 360 1436 404 mvr
1465 360 1687 404 L--LL
2428 338 2507 398 57

387 512 869 597 circumpositas
899 509 1282 594 Carthagini
1313 508 1735 594 expugnauit.
1809 491 2409 590 Pseudophilippus
2439 506 2510 568 in

389 615 805 689 Macedonia,
853 634 1036 686 caeso
1079 634 1230 675 cum
1274 612 1560 675 exercitu
1592 613 1671 675 P.
1709 609 2012 674 quentio
2052 618 2341 693 praetore
2360 655 2380 689 ,
2429 608 2508 670 ab

390 720 474 787 Q.
510 716 794 783 Caecilio
822 714 1038 778 uictus
1067 724 1419 799 captusque
1449 724 1569 790 est,
1606 724 1671 776 et
1700 721 1955 796 recepta
1984 708 2389 774 Macedonia.

1189 983 1317 1046 EX
1362 984 1539 1047 LIB.
1592 983 1708 1045 LI.

313 1235 344 1284 5
377 1221 724 1304 Carthago,
751 1221 824 1284 in
845 1220 1189 1285 circuitum
1217 1243 1401 1286 xxm
1445 1242 1673 1304 passus
1713 1230 1977 1304 patenS,
2024 1239 2261 1303 magno
2290 1217 2506 1280 labore

381 1324 637 1388 obsessa
667 1333 733 1386 et
759 1345 874 1407 per
901 1333 1113 1406 partes
1146 1332 1332 1406 capta
1362 1333 1460 1386 est
1474 1348 1493 1399 3
1544 1323 1827 1406 primum
1857 1345 1895 1384 a
1924 1321 2233 1389 Mancino
2260 1319 2500 1400 legato,

381 1425 614 1488 deinde
645 1447 683 1488 a
727 1425 1030 1507 Scipione
1073 1447 1230 1502 cos„
1268 1424 1374 1487 cui
1413 1409 1596 1487 extra
1636 1434 1871 1488 sortem
1911 1422 2246 1506 prouincia
2287 1419 2507 1482 Africa

379 1528 534 1590 data
561 1537 718 1588 erat.
781 1527 1348 1616 Carthaginienses
1391 1537 1582 1609 portu
1627 1547 1833 1601 nouo,
1880 1524 2031 1607 quia
2079 1531 2269 1585 uetus
2300 1542 2338 1582 a
2370 1518 2504 1582 Sci-

377 1627 571 1711 pione
603 1637 738 1690 erat
768 1629 1133 1692 obstructus
1147 1676 1168 1704 ,
1216 1627 1386 1690 facto
1417 1637 1482 1690 et
1523 1637 1853 1692 contracta
1882 1628 2050 1689 clam
2080 1625 2315 1707 exiguo
2342 1631 2503 1694 tern-

277 1741 344 1791 10
374 1750 529 1811 pore
589 1729 805 1811 ampla
846 1729 1045 1814 classe
1088 1728 1432 1811 infeliciter
1472 1729 1695 1792 nauali
1737 1728 1981 1813 proelio
2019 1732 2499 1810 pugnauerunt.

375 1829 806 1892 Hasdrubalis
838 1851 1090 1913 quoque
1120 1829 1301 1893 ducis
1332 1853 1555 1894 eorum
1586 1841 1795 1895 castra
1824 1833 1905 1894 ad
1934 1828 2293 1912 Nepherim
2324 1824 2502 1909 oppi-

377 1933 534 1994 dum
560 1930 702 1992 loco
733 1929 979 1993 difficili
1010 1931 1134 1995 sita
1163 1953 1312 1994 cum
1342 1933 1628 1996 exercitu
1666 1935 1877 1996 deleta
1920 1941 2073 1995 sunt
2105 1953 2143 1993 a
2174 1928 2498 2011 Scipione,

377 2031 490 2114 qui
519 2032 782 2094 tandem
811 2034 1038 2095 urbem
1068 2034 1469 2116 expugnauit
1508 2032 2078 2118 septingentesimo
2110 2053 2279 2094 anno
2310 2049 2504 2112 quam

375 2144 511 2204 erat
541 2133 820 2196 condita.
882 2134 1235 2217 spoliorum
1275 2135 1481 2199 maior
1508 2159 1656 2219 pars
1689 2135 1924 2200 Siculis
1941 2183 1961 2212 ,
2011 2117 2243 2216 qu'ibus
2286 2131 2503 2194 ablata
2544 2183 2550 2190 .

276 2247 342 2296 15
373 2245 589 2310 erant,
654 2235 927 2299 reddita.
1012 2235 1242 2298 ultimo
1285 2237 1460 2301 urbis
1513 2237 1763 2300 excidio
1808 2260 1958 2301 cum
2006 2258 2072 2299 se
2126 2230 2501 2297 Hasdrubal

375 2334 664 2420 Scipioni
695 2337 1009 2415 dedisset,
1060 2360 1223 2400 uxor
1265 2337 1402 2401 eius
1422 2385 1443 2414 ,
1498 2360 1662 2421 quae
1704 2338 1925 2422 paucis
1975 2345 2123 2400 ante
2164 2333 2389 2397 diebus
2420 2332 2500 2392 de

371 2438 603 2502 marito
646 2439 987 2522 impetrare
1029 2461 1163 2502 non
1206 2450 1502 2522 potuerat
1546 2451 1620 2504 ut
1664 2442 1745 2503 ad
1788 2440 2100 2501 uictorem
2142 2434 2498 2515 transfuge-

371 2551 540 2617 rent,
575 2540 646 2603 in
675 2539 962 2603 medium
992 2563 1058 2605 se
1088 2541 1423 2625 flagrantis
1454 2542 1631 2607 urbis
1664 2538 2039 2605 incendium
2069 2560 2217 2601 cum
2247 2535 2499 2599 duobus

373 2641 592 2705 liberis
625 2666 707 2706 ex
737 2664 880 2705 arce
909 2642 1385 2725 praecipitauit.
1437 2643 1654 2727 Scipio
1686 2644 1980 2726 exemplo
2012 2640 2211 2724 patris
2242 2637 2343 2702 sui
2372 2637 2497 2699 Ae-

273 2754 339 2803 20
368 2743 510 2805 mili
540 2744 755 2827 Pauli,
790 2744 903 2828 qui
935 2745 1385 2808 Macedoniam
1413 2746 1681 2823 uicerat,
1715 2747 1901 2809 ludos
1930 2743 2083 2807 fecit
2104 2741 2497 2822 transfugas-

374 2865 496 2926 que
527 2867 600 2907 ac
630 2845 942 2928 fugitiuos
972 2845 1192 2909 bestiis
1224 2846 1479 2910 obiecit.
1542 2848 1700 2912 belli
1739 2847 2009 2911 Achaici
2052 2845 2299 2909 semina
2338 2841 2495 2904 refe-

369 2956 602 3008 runtur
629 2947 789 3009 haec
806 2995 826 3023 ,
875 2949 1047 3029 quod
1075 2936 1274 3030 legati
1315 2950 1601 3014 Romani
1630 2952 1709 3014 ab
1740 2949 2040 3012 Achaicis
2082 2945 2325 3032 pulsati
2367 2942 2498 3006 sint

374 3046 705 3125 Corinthi,
770 3048 952 3112 missi
983 3058 1074 3127 ⁴ut
1118 3070 1224 3112 eas
1275 3049 1573 3115 ciuitates
1588 3050 1629 3136 ,Ι
1669 3073 1831 3134 quae
1872 3052 1993 3112 sub
2038 3047 2287 3111 dicione
2341 3042 2496 3107 Phi·-

373 3146 535 3231 lippi
562 3148 854 3226 fuerant,
889 3150 970 3213 ab
998 3150 1283 3223 Achaico
1313 3150 1582 3215 consilio
1614 3158 2034 3215 secernerent.

371 3468 401 3516 2
441 3464 506 3518 P.
551 3469 852 3521 Gruter-w.-
889 3486 944 3523 m
980 3484 1096 3535 Νςν
1120 3472 1138 3543 ss
1165 3490 1198 3525 a
1237 3490 1304 3537 ςν
1329 3472 1348 3544 ss
1373 3475 1403 3525 3
1443 3480 1500 3527 et
1536 3492 1621 3525 om
1659 3491 1692 3526 r
1728 3473 1746 3544 11
1782 3472 1971 3526 relicta
2006 3483 2119 3535 Νςν
2144 3470 2163 3543 11
2202 3474 2231 3524 5
2269 3471 2512 3524 circuitu·

371 3564 404 3606 ς
440 3546 458 3614 ΙΙ
495 3546 695 3617 uiginti
734 3548 841 3601 tria
864 3550 1014 3604 milia
1051 3551 1271 3621 quidem
1309 3570 1568 3623 passuum
1607 3554 1665 3606 in
1704 3553 1933 3606 circuitu
1968 3570 1998 3605 r
2025 3552 2042 3623 ss
2067 3552 2273 3605 habens
2306 3570 2371 3620 9,
2412 3569 2497 3603 om

371 3640 403 3674 r
426 3622 444 3692 fl
472 3627 503 3675 6
528 3623 782 3679 Mantino
804 3645 837 3679 r
861 3628 880 3698 Ι]
909 3631 938 3681 8
967 3630 1094 3682 data
1117 3636 1201 3682 est
1224 3648 1255 3681 r
1280 3630 1298 3700 ΙΙ
1323 3634 1356 3683 9
1382 3632 1692 3684 obstructus
1716 3650 1801 3683 om
1835 3644 1885 3684 Ν
1907 3632 1925 3699 ΙΙ
1951 3629 2092 3683 facta
2124 3643 2173 3683 Ν
2196 3630 2213 3699 ΙΙ
2239 3629 2375 3681 clam
2412 3648 2497 3681 om

368 3717 399 3750 r
423 3700 440 3771 fl
473 3704 534 3753 10
559 3703 741 3755 nauali
767 3705 975 3773 proelio
1000 3706 1289 3759 infeliciter
1315 3725 1381 3769 ςν
1406 3708 1424 3777 ss
1453 3711 1512 3760 11
1544 3722 1731 3761 eorum
1762 3708 1915 3761 ducis
1943 3725 2008 3769 ςν,
2033 3708 2050 3776 ΙΙ
2074 3707 2130 3758 N
2132 3704 2372 3758 efentum
2397 3722 2428 3755 r
2454 3706 2471 3773 ΙΙ

373 3780 434 3828 12
461 3777 779 3831 difficillimo
808 3798 840 3833 r
865 3780 884 3850 ΙΙ
923 3781 1102 3834 delata
1126 3794 1178 3834 N
1199 3783 1217 3852 ΙΙ
1249 3785 1307 3835 13
1348 3783 1538 3837 urbem
1563 3802 1647 3836 om
1683 3796 1767 3847 Νς
1790 3785 1809 3855 ΙΙ
1851 3787 1910 3835 17
1952 3782 2171 3835 minime
2210 3780 2496 3849 impetrare

367 3861 619 3924 potuerat
657 3874 689 3909 r
713 3856 732 3927 ΙΙ
758 3858 1126 3929 transfugeret
1161 3877 1228 3922 ςν
1253 3858 1270 3930 ss
1302 3862 1364 3912 18
1400 3877 1457 3913 se
1494 3860 1775 3930 flagrantis
1812 3860 1868 3912 in
1893 3858 2129 3911 medium
2170 3874 2201 3907 r
2226 3856 2243 3923 ΙΙ
2280 3854 2494 3907 duobus

365 3948 486 3984 cum
503 3949 534 3983 r
557 3934 576 4002 ΙΙ
608 3936 670 3985 19
695 3935 867 4004 patris
893 3934 1010 3988 eius
1048 3936 1288 3991 emiliani
1329 3954 1394 4000 ςν
1419 3936 1436 4006 ss
1465 3940 1525 3989 21
1549 3954 1654 4006 que
1679 3955 1763 3988 om
1790 3953 1855 3998 ςν
1880 3935 1898 4003 11
1924 3933 2091 3986 bestis
2114 3945 2165 3984 Ν
2184 3932 2203 4002 11
2230 3936 2293 3984 23
2309 3929 2496 3983 Corin-

367 4008 522 4065 thum
547 4010 700 4065 missi
717 4020 873 4067 erant
895 4030 926 4067 r
951 4013 968 4084 ΙΙ
