3052 4823
525 337 644 392 XX
1330 349 1446 388 Tu.
1486 348 1881 390 MOMMsssNu

522 533 761 597 finibus
796 525 1228 595 coniecturam
1257 551 1480 612 capere
1510 529 1723 593 liceat.
1802 551 2190 613 quamquam
2230 531 2302 593 in
2352 541 2537 596 tanta
2562 555 2661 596 re-

522 661 667 704 rum
697 637 1094 702 minutarum
1114 685 1134 713 ,
1183 659 1345 719 quae
1385 636 1456 698 in
1484 636 1607 699 hac
1638 634 2009 720 quaestione
2040 637 2313 701 alicuius
2344 639 2671 702 momenti⁵

523 767 660 809 esse
689 754 997 827 possunt,
1048 754 1240 825 atque
1271 742 1724 825 exceptionum
1753 742 2173 806 multitudine
2206 744 2423 807 omnia
2451 747 2533 808 ad
2579 745 2657 808 li-
2688 739 2695 744 ’

521 851 790 934 quidum
820 849 1085 934 perduci
1115 836 1469 931 nequeunt,
1505 848 1879 930 praesertim
1909 871 2056 912 cum
2080 850 2341 933 plenam
2364 851 2659 916 omnium

517 956 954 1040 prodigiorum
980 954 1280 1019 notitiam
1310 975 1667 1036 conponere
1702 976 1912 1036 neque
1946 977 2059 1038 per
2102 957 2407 1040 temporis
2450 980 2657 1042 angu-

521 1062 676 1126 stias
707 1063 947 1144 possim
977 1084 1119 1138 nec,
1157 1060 1213 1124 si
1252 1081 1531 1144 possem,
1561 1058 1818 1122 uellem.
1877 1081 2086 1144 neque
2130 1071 2352 1126 tamen
2394 1085 2657 1146 prorsus

521 1189 782 1254 operam
811 1167 1040 1232 lusisse
1067 1167 1335 1232 uidebor
1354 1215 1375 1243 ‚
1401 1165 1455 1228 si
1483 1165 1673 1229 Liuio
1689 1175 1751 1228 et
1768 1167 2182 1250 Obsequente
2214 1169 2487 1233 ducibus
2510 1191 2654 1252 pro-

520 1274 695 1359 digia
723 1276 1007 1338 locorum
1037 1273 1282 1338 ratione
1312 1261 1537 1335 habita
1556 1274 1920 1335 recensebo,
1957 1273 2176 1358 quain
2205 1298 2273 1338 re
2303 1276 2657 1339 dolendum
2761 1311 2765 1313 Δ

521 1392 640 1457 est,
674 1381 966 1464 prodigia
995 1390 1313 1463 quantum
1344 1379 1581 1443 scimus
1618 1387 1769 1440 ante
1810 1400 2059 1444 annum
2097 1399 2193 1444 DV
2230 1381 2490 1465 publice
2518 1405 2656 1446 non

517 1486 716 1551 fuisse
737 1487 966 1551 litteris
1000 1486 1254 1550 tradita.
1292 1488 1412 1550 hoc
1437 1508 1519 1550 ex
1540 1485 1743 1549 nostri
1771 1485 1975 1548 libelli
2000 1486 2190 1550 titulo
2215 1488 2353 1551 siue
2378 1488 2655 1552 subscri-

516 1594 738 1676 ptione
763 1594 928 1657 effici
954 1603 1201 1676 potest3
1240 1595 1619 1676 Obsequens
1650 1590 1825 1654 enim
1854 1593 2039 1656 nulla
2080 1593 2207 1656 alia
2237 1596 2317 1657 de
2347 1617 2542 1658 causa
2570 1596 2655 1658 ab

515 1700 638 1763 hoc
661 1722 832 1763 anno
849 1700 1112 1764 initium
1124 1699 1348 1762 fecisse
1362 1698 1693 1782 putandus
1708 1709 1828 1773 est,
1865 1720 2058 1781 quam
2082 1702 2255 1782 quod
2264 1723 2353 1763 -eo
2367 1712 2654 1784 tempore

514 1805 852 1888 pontifices
896 1805 1334 1888 prodigiorum
1362 1804 1432 1868 in
1473 1805 1737 1869 annales
1768 1788 2241 1886 referendorum
2268 1806 2532 1872 initium
2561 1808 2653 1870 fe-

515 1910 676 1974 cisse
708 1912 881 1994 apud
899 1908 1164 1974 Liuium
1193 1911 1470 1972 relatum
1499 1909 1778 1973 inuenit.
1814 1909 2099 1992 priorum
2124 1920 2487 1996 temporum
2506 1935 2653 1996 pro-

516 2016 724 2100 digia,
772 2038 935 2099 quae
980 2016 1241 2100 cognita
1281 2017 1514 2079 habere
1558 2026 1779 2079 nostra
1818 2016 1929 2078 uel
1974 2017 2255 2082 maxime
2284 2019 2649 2096 interesset,

516 2143 670 2185 casu
698 2121 914 2206 potius
944 2145 1138 2206 quam
1168 2123 1428 2205 publica
1459 2143 1613 2185 cura
1658 2134 1849 2204 atque
1881 2125 2009 2186 fide
2026 2124 2259 2189 tradita
2272 2147 2409 2188 esse
2422 2125 2675 2218 uiden—-

515 2239 640 2291 tur.
699 2227 1091 2294 similiterin
1120 2228 1294 2291 bello
1333 2227 1554 2291 sociali
1596 2229 1917 2291 narrando
1957 2229 2187 2294 Liuius
2234 2229 2651 2312 scriptoribus

513 2334 604 2398 eis
634 2357 790 2398 usus
821 2355 960 2398 esse
989 2334 1284 2410 uidetur,
1321 2333 1432 2419 qui
1460 2334 1757 2417 neglecta
1786 2333 2139 2417 priscorum
2167 2329 2477 2419 religione
2506 2358 2651 2419 pro-

513 2440 690 2524 digia
715 2463 947 2524 parum
976 2444 1308 2519 curabant,
1332 2441 1410 2504 id·
1428 2442 1601 2525 quod
1630 2462 1713 2503 ex
1728 2440 1997 2519 ratione,
2030 2464 2159 2525 qua
2186 2442 2480 2526 prodigia
2510 2442 2653 2507 eius

515 2547 815 2631 temporis
871 2549 1109 2611 tradita
1159 2547 1533 2611 inuenimus
1551 2595 1570 2623 ,
1629 2546 1820 2610 hodie
1886 2571 2137 2632 quoque
2189 2548 2483 2632 intellegi
2534 2570 2648 2632 po-

511 2663 659 2717 test.
733 2676 926 2737 quare
979 2675 1097 2736 ego
1148 2654 1323 2719 intra
1371 2653 1619 2717 bellum
1672 2652 1903 2716 sociale
1950 2654 2433 2718 subsistendum
2483 2654 2649 2718 mihi

513 2780 648 2821 esse
679 2758 932 2841 putaui.

684 2866 742 2926 Ι.
791 2864 1102 2947 Neapolis
1131 2865 1304 2927 Nola
1333 2863 1617 2927 Nuceria
1656 2864 2042 2928 Constantia
2084 2865 2383 2929 ciuitates
2426 2867 2647 2950 aequis

510 2969 988 3033 conditionibus
1004 3018 1024 3047 ,
1065 2980 1136 3033 ut
1165 2969 1318 3033 satis
1351 2979 1642 3046 constat,
1679 2992 1829 3033 cum
1857 2964 2169 3035 Romanis
2202 2971 2477 3035 sociatae
2508 2973 2646 3035 fue-

508 3086 663 3141 runt
693 3086 758 3140 et
787 3078 960 3141 solae
987 3076 1156 3140 inter
1188 3076 1453 3140 Italicas
1481 3075 1553 3138 in
1582 3077 1709 3139 fide
1739 3088 2231 3159 permanserunt
2273 3100 2359 3141 ne
2388 3078 2647 3141 Hanni-

505 3182 718 3247 balico
745 3183 1007 3267 quidem
1035 3184 1208 3247 bello
1236 3195 1526 3266 excepto.
1566 3184 1737 3245 unde
1760 3183 1981 3268 colligi
1996 3196 2209 3268 potest
2237 3183 2413 3247 hisce
2442 3183 2647 3267 regio·

505 3288 699 3352 nibus
731 3312 956 3372 agrum
1005 3289 1342 3371 publicum
1385 3310 1517 3351 non
1548 3288 1781 3351 fuisse:
1822 3302 2015 3373 atque
2057 3312 2126 3352 re
2158 3312 2310 3353 uera
2352 3289 2649 3373 prodigia
2714 3373 2721 3377 .

506 3394 690 3456 nulla
719 3394 870 3456 inde
899 3394 1322 3469 nuntiantur3
1357 3416 1512 3456 nam
1525 3394 1811 3457 Nuceria
1836 3398 1928 3477 (p.
1956 3395 2361 3477 125,1)nihil
2393 3395 2646 3478 inpedit

509 3498 854 3582 quominus
885 3500 1258 3564 Vmbricam
1288 3509 1400 3563 aut
1431 3495 1770 3563 Britticam
1800 3522 1937 3563 esse
1966 3510 2291 3583 putemus
2328 3500 2649 3563 Aenariae

508 3626 660 3698 uero
677 3652 696 3680 ,
746 3626 940 3687 quam
982 3606 1426 3669 Romanorum
1464 3605 1661 3669 fuisse
1692 3606 1931 3669 scimus
1971 3607 2173 3669 donec
2220 3607 2299 3669 ab
2343 3608 2649 3689 Augusto

505 3710 954 3794 Neapolitanis
985 3713 1440 3775 concederetur
1469 3748 1559 3761 —-·
1588 3734 1716 3795 qua
1745 3714 1825 3775 de
1852 3735 1918 3777 re
1950 3712 2021 3775 in
2048 3713 2210 3775 libro
2244 3714 2323 3774 de
2352 3711 2645 3774 dialectis

508 3818 740 3881 Italiae
770 3840 834 3901 p.
878 3823 998 3879 198
1030 3817 1166 3880 dixi
1196 3854 1282 3865 --
1310 3817 1677 3901 prodigium
1701 3818 1943 3883 factum
1959 3829 2256 3881 narratur
2277 3840 2341 3901 p.
2379 3823 2639 3893 129,20.

678 3926 773 3987 II.
823 3922 1239 3987 Coloniarum
1268 3923 1649 3987 Latinarum
1694 3947 1921 4008 agrum
1949 3946 2064 4008 pro
2093 3924 2431 4006 peregrino
2460 3922 2644 3986 habi·

505 4039 648 4093 tum
677 4029 876 4094 fuisse
907 4030 1343 4113 Fregellarum
1376 4031 1671 4113 exemplo
1700 4033 2155 4093 confirmatum
2184 4029 2493 4093 uidimus·
2530 4030 2648 4092 sed,

504 4157 653 4197 cum
683 4137 894 4199 Roma
923 4138 1390 4201 deducerentur
1421 4148 1614 4219 atque
1643 4137 1715 4200 in
1744 4158 1897 4220 agro
1909 4136 2170 4220 publico
2187 4120 2636 4210 conderentur,
