3052 4823
1069 320 1130 362 T.
1167 283 1309 362 1J1v1
1341 319 1849 365 XXV1—xxv111.
2448 303 2521 364 31

394 470 629 534 drubal
649 517 669 545 ,
719 466 832 550 qui
861 489 1008 530 cum
1039 469 1322 532 exercitu
1353 492 1526 533 nouo
1559 471 1759 554 Alpes
1791 473 2273 534 transcenderat
2291 520 2311 548 ‚
2360 483 2435 536 ut
2464 495 2530 536 se

393 569 767 634 Hannibali
797 569 1216 653 coniungeret
1233 621 1254 648 ,
1289 594 1440 634 cum
1467 572 1733 635 milibus
1778 573 2120 636 hominum
2150 593 2263 636 LVI
2308 596 2529 638 caesus

397 683 521 749 est,
557 683 748 755 capta
775 661 831 736 ἱῗ
845 693 952 736 000
985 675 1094 736 M:
1119 674 1271 737 Liui
1299 697 1430 737 cos.
1467 677 1706 750 ductU,
1740 678 1853 738 sed
1899 697 2035 738 non
2064 675 2310 739 minore
2341 699 2531 759 opera

399 775 634 838 Claudi
656 774 939 838 Neronis
969 797 1098 838 cos.
1135 775 1246 858 qui
1276 797 1426 838 cum
1455 776 1821 840 Hannibali
1851 776 2183 859 oppositus
2214 789 2405 855 esset,
2438 802 2533 842 re—

323 889 356 939 5
390 876 563 940 lictis
595 876 820 940 castris
848 876 944 939 ita
971 888 1048 941 ut
1078 879 1332 941 hostem
1360 878 1615 941 falleret
1644 926 1663 954 ,
1710 899 1859 942 cum
1890 879 2093 940 electa
2136 902 2338 942 manu
2382 903 2526 964 pro-

395 983 604 1044 fectus
637 979 1119 1043 Hasdrubalem
1147 972 1677 1043 circumuenerat.
1727 1003 1827 1044 res
1855 991 2185 1064 praeterea
2214 1003 2253 1043 a
2283 983 2360 1044 P.
2392 983 2526 1046 Sci-

398 1084 592 1166 pione
623 1082 696 1144 in
725 1081 1053 1164 Hispania
1097 1092 1162 1145 et
1192 1104 1230 1144 a
1261 1083 1339 1143 P.
1378 1081 1668 1164 Sulpicio
1712 1094 2003 1167 praetore
2034 1083 2340 1146 aduersus
2374 1083 2529 1147 Phi-

398 1185 656 1267 lippum
686 1194 752 1246 et
783 1183 1076 1246 Achaeos
1105 1193 1318 1265 gestas
1350 1183 1679 1247 continet.-

1096 1419 1224 1481 EX
1269 1421 1446 1482 LIB.
1496 1421 1841 1485 XXVIII.

299 1602 367 1650 10
401 1589 533 1651 Res
561 1587 634 1650 in
674 1587 1002 1671 Hispania
1041 1611 1342 1672 prospere
1381 1583 1601 1673 gestae
1633 1613 1672 1652 a
1702 1591 1926 1654 Silano
1959 1588 2277 1672 Scipionis
2320 1590 2533 1672 legato

399 1701 469 1752 et
497 1692 578 1753 ab
610 1692 688 1752 L.
729 1689 1030 1772 Scipione
1059 1690 1252 1753 fratre
1284 1693 1591 1755 aduersus
1624 1695 1876 1756 Poenos
1896 1741 1917 1768 ,
1966 1713 2004 1753 a
2049 1691 2341 1776 Sulpicio
2386 1715 2531 1776 pro-

401 1814 530 1854 909.
561 1791 734 1855 socio
757 1791 980 1854 Attalo
995 1813 1146 1874 rege
1181 1791 1374 1856 Asiae
1401 1794 1710 1858 aduersus
1736 1793 2120 1878 Philippum
2142 1815 2357 1877 regem
2386 1795 2531 1856 Ma-

403 1896 724 1956 cedonum
751 1915 869 1976 pro
896 1894 1146 1958 Aetolis
1173 1895 1560 1959 referuntur.
1625 1919 1775 1959 cum
1803 1897 1900 1958 M.
1934 1895 2125 1959 Liuio
2160 1906 2226 1959 et
2256 1896 2533 1960 Claudio

402 1995 652 2058 Neroni
681 1991 810 2059 coS.
835 1996 1202 2080 triumphus
1234 1998 1524 2060 decretus
1557 2008 1747 2074 esset,
1774 1996 2029 2074 Liuius,
2063 1998 2255 2082 quiin
2272 1998 2535 2080 prouin-

309 2109 370 2158 15
401 2097 502 2161 cia
526 2119 646 2160 sua
662 2120 796 2162 rem
810 2089 1114 2182 gesserat,
1144 2099 1469 2183 quadrigis
1493 2099 1789 2162 inuectus
1813 2109 1931 2176 est,
1960 2101 2159 2176 Nem,
2185 2100 2297 2183 qui
2319 2099 2389 2161 in
2404 2099 2533 2161 col·

403 2199 586 2282 legae
617 2201 1020 2282 prouinciam
1049 2211 1124 2263 ut
1153 2201 1491 2264 uictoriam
1521 2200 1659 2263 eius
1683 2200 2021 2263 adiuuaret
2043 2212 2335 2278 uenerat,
2370 2222 2535 2284 equo

404 2311 662 2364 secutus
696 2312 816 2379 est,
845 2313 909 2366 et
932 2303 1139 2366 inhoc
1153 2302 1384 2365 habitu
1410 2303 1560 2385 plus
1591 2301 1832 2384 gloriae
1862 2300 2383 2383 reuerentiaeque
2420 2301 2535 2362 ha-

401 2401 582 2479 buit3
633 2426 787 2468 nam
829 2416 896 2469 et
935 2405 1084 2490 p‘lus
1127 2405 1199 2468 in
1226 2404 1398 2467 bello
1429 2426 1625 2486 quam
1654 2402 1902 2486 collega
1928 2403 2188 2465 fecerat.
2252 2401 2423 2483 ignis
2465 2400 2535 2462 in

405 2507 561 2568 aede
607 2508 845 2570 Vestae
887 2506 1300 2590 neglegentia
1357 2503 1634 2587 uirginis
1649 2553 1668 2580 ,
1724 2526 1887 2586 quae
1942 2525 2075 2567 non
2119 2502 2532 2579 custodierat,

307 2617 379 2668 20
409 2606 734 2671 extinctus
767 2619 896 2684 est;
949 2631 1132 2671 caesa
1160 2622 1258 2672 est
1288 2610 1512 2691 flagro.
1566 2608 1643 2670 P.
1685 2605 1900 2688 Scipio
1929 2606 1999 2668 in
2030 2602 2358 2687 Hispania
2387 2625 2537 2666 cum

407 2708 1028 2773 Poenis-debellauit
1056 2730 1222 2773 xuu
1255 2732 1424 2772 anno
1467 2707 1605 2771 eius
1646 2707 1840 2784 belli,
1904 2707 2133 2791 quinto
2174 2718 2320 2789 post
2366 2728 2537 2769 anno

406 2832 600 2892 quam
630 2811 825 2887 ierat,
875 2811 1350 2895 praeclusisque
1394 2811 1464 2872 in
1497 2820 1709 2873 totum
1736 2810 2143 2894 possessione.
2168 2807 2537 2891 prouinciae

407 2913 544 2975 eius
593 2912 888 2977 hostibus
933 2912 1290 2997 Hispanias
1336 2912 1613 2995 recepit;
1664 2922 1729 2974 et
1775 2934 1813 2974 a
1854 2914 2215 2974 Tarracone
2254 2910 2326 2972 in
2365 2910 2537 2972 Afri-

410 3036 551 3078 cam
583 3018 664 3079 ad
695 3014 1057 3098 Syphacem
1097 3036 1324 3098 regem·
1355 3012 1818 3097 Massyliorum
1862 3023 2267 3076 transuectus
2312 3014 2539 3076 foedus

305 3126 376 3175 25
407 3114 644 3179 iunxit.
714 3116 1090 3179 Hasdrubal
1121 3116 1429 3199 Gisgonis
1473 3115 1566 3177 ibi
1597 3136 1747 3177 cum
1778 3137 1852 3177 90
1882 3115 1953 3176 111
1984 3117 2207 3178 eodem
2238 3115 2405 3177 lecto
2436 3137 2536 3177 ce-

408 3216 618 3281 nauit.
696 3239 935 3281 munus
979 3217 1435 3301 gladiatorium
1479 3218 1551 3279 in
1594 3218 1906 3280 honorem
1948 3212 2149 3301 patris
2195 3216 2537 3300 patruique

409 3515 432 3564 1
473 3513 879 3567 transcenderat
914 3513 1061 3583 alpes
1102 3532 1167 3577 ςν
1192 3514 1210 3585 11
1237 3518 1266 3566 3
1295 3522 1451 3585 capta
1469 3503 1518 3567 V
1534 3529 1635 3568 ccc
1662 3534 1745 3567 om
1767 3534 1801 3587 r
1827 3516 1844 3586 11
1872 3516 1966 3569 sed
1991 3534 2074 3568 om
2099 3535 2130 3568 r
2156 3518 2172 3586 11
2200 3520 2228 3568 5
2257 3516 2536 3569 inimicum

403 3608 437 3641 r
461 3590 480 3659 11
505 3590 716 3643 delecta
741 3610 778 3653 ς
801 3591 818 3660 11
847 3595 878 3642 6
903 3598 1180 3659 praeterea
1203 3590 1432 3643 feliciter
1459 3608 1496 3653 ς
1519 3590 1537 3660 11
1590 3591 1607 3661 11
1636 3594 1665 3643 8
1692 3609 1901 3645 ascreos
1924 3606 2008 3655 Νς
2032 3593 2049 3662 11
2082 3598 2141 3646 10
2168 3592 2376 3663 syllano
2404 3611 2470 3654 ςν
2496 3592 2513 3661 11

411 3671 466 3718 11
511 3676 568 3720 91;
591 3668 659 3720 ab
687 3666 956 3738 Scipionis
992 3667 1173 3737 legato
1206 3668 1272 3719 L.
1314 3667 1567 3737 Scipione
1601 3667 1767 3719 fratre
1791 3666 2030 3721 Roellius
2058 3668 2074 3737 11
2107 3672 2167 3721 12
2209 3685 2418 3738 procos.
2440 3676 2539 3719 at-

405 3744 518 3798 talo
545 3766 596 3809 ς,
624 3762 834 3816 procos.
865 3752 920 3798 et
943 3746 1012 3797 ab
1037 3744 1228 3797 Attalo
1253 3761 1284 3796 r
1309 3743 1326 3813 11
1359 3749 1420 3797 13
1445 3744 1482 3796 1.
1511 3744 1703 3797 neroni
1736 3757 1821 3807 Νς
1846 3744 1862 3814 11
1896 3748 1954 3795 17
1984 3752 2067 3795 est
2090 3752 2310 3796 secutus
2336 3761 2403 3805 ςν
2428 3746 2445 3811 11
2472 3748 2538 3795 20

407 3824 526 3892 ipsa
563 3840 720 3876 caesa
739 3842 804 3893 9,
855 3823 1018 3892 uirgo
1052 3839 1206 3875 caesa
1229 3839 1260 3873 r
1285 3822 1302 3892 11
1330 3826 1390 3875 21
1423 3821 1719 3875 debellauit
1740 3820 2070 3873 Frobeniusr
2108 3820 2335 3873 bellauit
2357 3831 2471 3881 Νςν
2496 3821 2514 3889 11
2600 3843 2629 3859 =

403 3918 549 3953 anno
584 3902 794 3971 quinto.
813 3908 1101 3971 postquam
1125 3919 1157 3953 r
1181 3900 1199 3970 ΙΙ
1227 3904 1292 3953 22
1322 3900 1723 3971 praeclusisque
1750 3918 1813 3961 ςι
1852 3896 2219 3969 perclusi-sque
2243 3908 2317 3962 N,
2358 3897 2539 3967 exclu-

403 3977 587 4047 sisque
623 3995 690 4040 ςν
715 3978 732 4047 11
768 3978 1081 4049 prouinciae
1119 3996 1203 4030 om
1230 3996 1296 4041 ςν
1321 3979 1338 4049 11
1366 3983 1430 4031 23
1456 3977 1761 4048 hispaniam
1786 3994 1853 4037 ςτ·
1878 3977 1904 4055 11
1922 3992 1955 4027 a
1977 3992 2058 4025 om
2086 3991 2117 4025 r
2141 3975 2159 4044 11
2186 3977 2253 4026 24
2268 3974 2540 4045 Masaesy-

401 4055 596 4183 hoel—3¹12
615 4055 840 4201 ἐὶιεῖἰήαε
876 4074 905 4108 9
944 4054 1104 4107 Liuio
1134 4060 1194 4107 17
1223 4056 1241 4126 11
1267 4073 1451 4125 regem
1475 4055 1839 4109 Numidarum
1866 4050 2081 4104 duobus
2108 4051 2343 4121 nauigiis
2366 4059 2540 4106 trans-

679 4168 686 4195 Ι
