3052 4823
1086 360 1148 402 T.
1185 360 1328 403 1.1v1
1359 360 1810 404 LXII—LXVII.
2452 346 2533 406 69

397 516 587 590 gatus
631 506 975 572 infeliciter
1016 509 1257 596 proelio
1305 511 1613 574 aduersus
1656 509 2044 593 Iugurtham
2089 519 2269 593 gesto
2308 534 2534 595 pacem

397 630 649 691 quoque
679 608 912 672 adiecit
956 610 1490 694 ignominiosam,
1548 634 1744 696 quam
1790 634 1923 675 11011
1968 634 2105 676 esse
2151 616 2531 677 seruandam

399 721 662 774 senatus
693 711 968 776 censuit.

1015 951 1046 960 ··
1151 947 1281 1009 Ex
1326 949 1501 1012 LIB.
1555 917 1768 1012 LXV.

335 1121 369 1175 5
405 1115 486 1181 Q.
525 1112 845 1177 Caecilius
878 1115 1182 1180 Metellus
1215 1137 1342 1179 cOS.
1379 1118 1629 1181 duobus
1657 1117 1917 1202 proeliis
1942 1119 2329 1202 Iugurtham
2358 1120 2528 1184 fudit

397 1225 727 1298 totamque
759 1215 1139 1280 Numidiam
1169 1217 1519 1303 uastauit.)
1550 1220 1647 1281 M.
1687 1220 1921 1284 Iunius
1952 1221 2214 1286 Silanus
2246 1244 2376 1286 cos.
2415 1224 2580 1288 adr

395 1338 621 1380 uersus
654 1317 948 1382 Cimbros
980 1318 1322 1381 infeliciter
1347 1320 1692 1402 pugnauit.
1741 1322 1973 1404 legatis
1999 1322 2407 1387 Cimbrorum
2430 1347 2525 1388 se·

395 1420 543 1481 dem
573 1428 638 1481 et
668 1441 852 1502 agros
897 1419 968 1481 in
1010 1419 1243 1502 quibus
1289 1420 1696 1484 considerent
1737 1423 2217 1506 postulantibus
2264 1435 2526 1488 senatus

393 1520 683 1603 negauit.
753 1522 850 1583 M.
889 1520 1223 1584 Minucius
1264 1544 1511 1605 procos.
1551 1525 1855 1586 aduersus
1900 1525 2206 1587 Thracas.
2226 1547 2526 1608 prospere

297 1633 360 1682 10
390 1622 734 1706 pugnauit.
786 1624 864 1685 L.
894 1622 1156 1686 Cassius
1187 1644 1316 1684 cOS.
1355 1645 1392 1685 a
1424 1623 1755 1706 Tigurinis
1788 1625 2035 1700 Gallis,
2080 1646 2247 1707 pago
2277 1626 2522 1688 Helue·

397 1723 668 1799 tiorum,
704 1723 816 1806 qui
846 1746 884 1786 a
914 1723 1178 1786 ciuitate
1209 1735 1633 1802 secesserant,
1683 1725 1754 1788 in
1783 1726 2021 1789 finibus
2068 1726 2524 1809 Nitiobrogum

395 1845 546 1887 cum
576 1825 863 1911 exercitu
893 1847 1115 1906 caesus
1146 1837 1264 1888 est.
1313 1825 1579 1902 milites,
1614 1827 1727 1910 qui
1757 1850 1837 1891 ex
1866 1850 1943 1891 ea
1970 1828 2151 1890 clade
2182 1849 2521 1910 superaue-

393 1935 573 2002 rant‚
623 1926 950 1990 obsidibus
993 1927 1159 1991 datis
1203 1937 1268 1991 et
1311 1928 1580 1992 dimidia
1624 1950 1837 1991 rerum
1889 1925 2182 1992 omnium
2224 1941 2407 2012 parte
2448 1938 2523 1990 ut

394 2025 746 2092 incolumes
779 2028 1256 2093 dimitterentur
1285 2033 1435 2092 'cum
1463 2019 1758 2094 hostibus
1789 2029 1964 2113 pacti
1994 2039 2169 2094 sunt.
2298 2035 2305 2040 ’

299 2277 362 2325 15
863 2319 870 2324 .
1144 2268 1272 2330 EX
1318 2261 1492 2331 LIB.
1542 2269 1796 2333 LXVI.
1898 2249 1902 2253 ’

392 2436 710 2518 Iugurtha
736 2437 963 2519 pulsus
995 2458 1033 2498 a
1062 2437 1136 2500 C.
1176 2435 1385 2498 Mario
1428 2435 1743 2500 Numidia
1783 2458 1931 2498 cum
1984 2435 2226 2499 auxilio
2279 2438 2520 2525 Bocchi

400 2537 776 2600 Maurorum
806 2537 974 2621 regis
1019 2536 1280 2599 adiutus
1323 2548 1525 2612 esset,
1589 2536 1788 2601 caesis
1806 2537 2059 2620 —proelio
2092 2536 2331 2600 Bocchi
2363 2560 2517 2620 quo·

396 2661 520 2720 que
571 2638 808 2725 copiis,
872 2640 1132 2702 nolente
1177 2638 1432 2701 Boccho
1473 2638 1719 2701 bellum
1762 2635 2101 2702 infeliciter
2146 2632 2518 2720 susceptum

392 2740 636 2803 diutius
677 2740 990 2804 sustinere
1035 2741 1267 2804 uoluit.
1347 2742 1610 2805 uinctus
1654 2742 1736 2804 ab
1777 2763 1851 2804 eo
1884 2751 1947 2803 et
1991 2740 2201 2803 Mario
2243 2741 2515 2803 traditus

292 2853 358 2901 20
388 2851 516 2917 est3
553 2841 624 2903 in
655 2863 784 2925 qua
811 2864 878 2903 re
907 2842 1253 2925 praecipua
1282 2865 1473 2926 opera
1504 2846 1582 2907 L.
1622 2842 1882 2908 Corneli
1914 2842 2129 2926 Syllae
2160 2841 2537 2925 quaestoris·

393 2943 468 3005 C.
507 2942 678 3007 Mari
707 2942 854 3005 fuit.

1141 3172 1270 3235 EX
1315 3174 1491 3236 LIB.
1543 3173 1834 3237 LXVII.

390 3342 485 3403 M.
520 3340 824 3403 Aurelius
858 3341 1136 3417 Scaurus
1180 3342 1428 3424 legatus
1461 3340 1743 3405 consulis
1788 3363 1826 3403 a
1856 3337 2132 3403 Cimbris
2162 3339 2305 3402 fuso
2335 3360 2511 3402 exer-

388 3439 524 3509 citu
537 3452 762 3523 captus
795 3451 915 3517 est,
947 3453 1015 3505 et
1038 3465 1188 3505 cum
1216 3442 1285 3505 in
1317 3443 1659 3506 consilium
1691 3444 1770 3506 ab
1802 3441 1893 3504 eis
1925 3442 2276 3504 aduocatus
2308 3443 2512 3504 deter-

289 3553 354 3602 25
385 3553 550 3605 reret
580 3564 686 3606 eos
716 3566 797 3605 ne
827 3544 1026 3626 Alpes
1059 3543 1406 3607 transirent
1434 3544 1699 3608 Italiam
1712 3543 2017 3627 petituri‚‘
2037 3565 2112 3606 eo
2144 3544 2314 3625 quod
2345 3542 2510 3605 dice-

389 3786 412 3834 1
443 3789 599 3856 gesto
625 3784 871 3837 conflixit
906 3803 972 3847 ςν
1009 3786 1027 3855 ΙΙ
1065 3800 1359 3854 pacemque
1397 3784 1562 3837 etiam
1598 3784 1833 3837 multum
1867 3781 2283 3852 ignominiosam
2317 3782 2515 3834 adiecit

313 3860 318 3867 '
389 3879 550 3931 quam
575 3863 795 3933 quidem
819 3864 1041 3917 minime
1066 3882 1182 3917 esse
1221 3881 1252 3915 r
1278 3865 1296 3932 ΙΙ
1324 3870 1355 3917 6
1395 3870 1450 3915 et
1486 3864 1796 3916 uniuersam
1831 3879 1862 3913 r
1888 3861 1905 3931 n
1934 3861 2185 3931 Syllanus
2222 3878 2253 3913 r
2279 3860 2296 3930 11
2322 3862 2514 3913 aduer-
2603 3905 2608 3910 .

386 3956 506 3992 sum
534 3957 599 4001 ςν
624 3942 642 4010 ΙΙ
671 3943 700 3991 8
727 3942 1086 3994 consisterent
1111 3958 1176 4003 ςν
1201 3941 1218 4011 ΙΙ
1247 3945 1278 3993 9
1300 3947 1488 3994 contra
1511 3960 1543 3993 r
1568 3936 1595 4011 [1⁶
1612 3940 1841 3993 feliciter
1877 3940 2095 4010 quidem
2132 3958 2165 3991 r
2188 3939 2207 4009 ΙΙ
2238 3943 2301 3993 10
2340 3940 2513 3994 helui·

386 4016 587 4068 tiorum
609 4029 660 4069 N
681 4017 698 4087 ss
731 4021 786 4069 11
818 4018 1238 4087 Allobrogumjr
1263 4018 1281 4088 Ιὶ
1312 4021 1375 4070 16
1399 4034 1466 4069 ex
1491 4017 1753 4071 Numidia
1774 4034 1813 4077 ν,
1830 4018 1848 4087 ss
1868 4033 1991 4069 cum
2026 4034 2109 4069 om
2134 4035 2166 4070 r
2191 4017 2210 4086 ΙΙ
2241 4020 2301 4068 17
2338 4025 2422 4071 est
2460 4025 2516 4071 et

389 4093 557 4157 caesis
580 4106 696 4155 Νςν
721 4094 738 4163 Η
771 4097 832 4146 19
859 4094 1036 4147 uoluit
1059 4094 1280 4163 scripsi.-
1338 4094 1517 4147 noluit
1554 4105 1669 4158 Νς,
1708 4113 1797 4151 om,
1827 4112 1859 4145 r
1884 4096 1901 4165 ss
1928 4094 2107 4147 uictus
2130 4106 2214 4157 Νς
2238 4095 2257 4165 ΙΙ
2282 4096 2513 4149 traditus

384 4169 553 4223 mario
583 4188 648 4231 ςν
673 4170 691 4239 ΙΙ
719 4174 784 4223 23
809 4171 890 4224 Μ.
920 4189 1004 4224 om
1030 4189 1096 4234 ςν
1122 4172 1140 4241 ΙΙ
1167 4174 1234 4223 24
1258 4162 1515 4225 euocatus
1543 4187 1609 4233 ςν
1634 4170 1651 4241 [Ι
1679 4174 1743 4223 25
1770 4171 2011 4225 dicerent
2033 4184 2084 4224 N
2105 4172 2123 4242 ss

2491 1009 2581 1040 f.

2640 1145 2653 1246 ἑ

2716 1021 2849 1070 m...

2772 1223 2869 1284 (Α)
