3052 4823
527 352 608 413 68
1401 373 1785 417 PERIOCHAE

526 531 590 584 et
631 518 901 604 triginta
943 530 1172 584 senatu
1214 534 1579 587 mouerunt.
1657 533 1986 605 praeterea
2027 533 2243 586 motus
2293 523 2515 606 Syriae
2558 549 2656 588 re-

526 644 806 706 gumque
837 622 1145 686 continet.
2206 641 2217 648 “

1212 858 1340 920 EX
1384 859 1561 922 LIB.
1613 857 1877 921 LXIII.

528 1027 604 1089 C.
643 1025 908 1089 Porcius
939 1047 1067 1089 cos.
1097 1025 1167 1088 in
1199 1025 1474 1088 Thracia
1495 1026 1663 1089 male
1696 1028 2005 1090 aduersus
2028 1028 2393 1092 Scordiscos
2408 1050 2657 1112 pugna·

526 1128 645 1191 uit.
695 1130 972 1190 lustrum
1003 1151 1041 1190 a
1069 1127 1437 1190 censoribus
1468 1127 1805 1190 conditum
1834 1139 1953 1192 est.
2014 1151 2205 1193 censa
2230 1141 2383 1193 sunt
2413 1130 2659 1194 ciuium
2726 1144 2756 1191 5

525 1229 737 1311 capita
766 1249 1072 1292 cccxcnn
1105 1249 1448 1292 cccxxxw.
1496 1229 1779 1291 Aemilia
1809 1228 2064 1292 Licinia
2093 1231 2341 1294 Marcia
2370 1230 2657 1313 uirgines

526 1331 820 1394 Vestales
850 1329 1080 1393 incesti
1110 1332 1448 1394 damnatae
1495 1341 1687 1406 sunt,
1738 1330 1934 1412 idque
1974 1331 2296 1395 incestum
2339 1354 2535 1415 quem
2574 1333 2656 1394 ad

525 1433 794 1495 modum
823 1441 888 1494 et
933 1431 1347 1495 commissum
1391 1441 1455 1493 et
1499 1432 1970 1513 deprehensum
2014 1443 2079 1494 et
2122 1432 2529 1496 uindicatum
2572 1433 2656 1496 sit

526 1532 814 1595 refertur.
866 1532 1134 1609 Cimbri,
1169 1555 1330 1616 gens
1361 1554 1565 1615 uaga,
1600 1533 2049 1617 populabundi
2078 1533 2148 1594 in
2182 1533 2516 1616 Illyricum
2547 1557 2654 1597 ue-

525 1643 785 1696 nerunt.
838 1635 917 1696 ab
947 1634 1050 1697 his
1081 1633 1380 1717 Papirius
1413 1634 1621 1697 Carbo
1651 1655 1779 1697 cos.
1818 1656 1967 1697 cum
1999 1634 2287 1698 exercitu
2316 1635 2499 1699 fusus
2531 1649 2651 1699 est.
2692 1647 2757 1698 10

527 1735 758 1798 Liuius
789 1736 1043 1798 Drusus
1087 1757 1215 1797 coS.
1253 1737 1564 1798 aduersus
1609 1735 1973 1798 Scordiscos
1992 1783 2011 1811 ,
2057 1747 2321 1818 gentem
2367 1758 2404 1798 a
2445 1737 2655 1800 Gallis

527 1837 885 1913 oriundam,
921 1835 991 1898 in
1022 1836 1298 1899 Thracia
1327 1836 1599 1899 feliciter
1625 1836 1969 1920 pugnauit.

1247 2105 1376 2167 Ex
1421 2105 1596 2167 LIB.
1646 2105 1951 2167 LXIIII.
1992 2192 2001 2200 ·

525 2307 838 2371 Atherbal
866 2307 1038 2369 bello
1067 2306 1310 2389 petitus
1341 2310 1421 2371 ab
1452 2308 1775 2392 Iugurtha
1804 2319 1869 2370 et
1910 2307 1980 2370 in
2023 2308 2258 2392 oppido
2288 2308 2515 2371 Cirtha
2546 2309 2655 2371 ob-

528 2433 739 2474 sessus
771 2424 993 2474 contra
1021 2410 1582 2475 denuntiationem
1613 2421 1872 2475 senatus
1904 2411 1983 2473 ab
2016 2433 2091 2474 eo
2122 2410 2367 2475 occisus
2400 2421 2532 2487 est,
2592 2421 2656 2473 et
2691 2422 2753 2471 15

528 2514 608 2575 ob
640 2504 762 2575 hoc
791 2513 1035 2575 bellum
1067 2513 1426 2596 Iugurthae
1467 2513 1822 2589 indictum,
1870 2513 2063 2595 idque
2109 2511 2501 2595 Calpurnius
2536 2515 2654 2575 Be·

528 2614 650 2677 stia
681 2636 809 2677 cos.
846 2636 1062 2697 gerere
1093 2614 1307 2677 iussus
1336 2636 1563 2695 pacem
1607 2636 1755 2677 cum
1786 2615 2108 2698 Iugurtha
2151 2614 2403 2677 iniussu
2432 2614 2657 2698 populi

528 2726 593 2777 et
625 2726 883 2777 senatus
914 2714 1088 2777 fecit.
1135 2714 1455 2797 Iugurtha
1483 2716 1611 2777 fide
1634 2716 1895 2797 publica
1918 2728 2221 2779 euocatus
2254 2717 2336 2777 ad
2366 2715 2655 2803 indican-

529 2818 643 2878 dos
675 2825 963 2878 auctores
995 2815 1408 2878 consiliorum
1440 2837 1741 2892 suorum,
1790 2820 1963 2900 quod
2013 2818 2251 2880 multos
2282 2817 2560 2899 pecunia
2586 2817 2653 2878 in

529 2930 758 2980 senatu
788 2916 1140 2999 corrupisse
1171 2916 1538 2992 dicebatur,
1588 2918 1867 2981 Romam
1897 2918 2079 2981 uenit
2120 2928 2184 2981 et
2213 2929 2473 3001 propter
2516 2941 2654 2982 cae·
2688 2930 2755 2979 20

529 3019 676 3081 dem
708 3018 1053 3082 admissam
1080 3018 1151 3081 in
1173 3019 1471 3102 regulum
1495 3021 1817 3102 quendam
1839 3021 2101 3084 nomine
2127 3021 2506 3096 Massiuam,
2544 3020 2655 3103 qui

527 3141 800 3203 regnum
831 3120 968 3184 eius
997 3122 1237 3205 populo
1261 3123 1557 3185 Romano
1588 3121 1786 3184 inuisi
1817 3123 2210 3197 adfectabat,
2253 3122 2525 3206 [Romae
2556 3123 2653 3184 in-

529 3222 888 3307 terfectum]
919 3245 1066 3287 cum
1110 3224 1584 3306 periclitaretur
1634 3244 1896 3285 causam
1938 3224 2165 3308 capitis
2196 3223 2436 3299 dicere,
2488 3224 2655 3285 clam

527 3323 814 3405 profugit
856 3334 921 3385 et
966 3326 1197 3387 cedens
1227 3324 1389 3385 urbe
1419 3324 1621 3386 fertur
1651 3324 1892 3387 dixisse
1915 3319 1981 3388 ‘o
2011 3326 2234 3389 urbem
2263 3326 2560 3388 uenalem
2591 3334 2656 3388 et

530 3423 659 3486 cito
686 3423 1040 3505 perituram
1060 3472 1081 3500 ,
1116 3424 1170 3487 si
1200 3434 1554 3508 emptorem
1582 3426 1939 3489 inuenerit!
1959 3419 1979 3447 ³
2038 3430 2120 3489 A.
2160 3425 2533 3490 Postumius
2565 3426 2653 3489 le·
2685 3438 2752 3487 25

533 3735 555 3783 1
584 3748 921 3803 regnumque
944 3744 1060 3795 Νςν
1095 3733 1113 3803 ΙΙ
1151 3736 1181 3784 4
1220 3739 1338 3784 cato
1376 3734 1593 3803 porcius
1628 3752 1694 3796 ςν
1718 3734 1737 3804 ΙΙ
1764 3734 2028 3787 sardiscos
2067 3752 2132 3797 ςν
2157 3734 2174 3802 ΙΙ
2203 3738 2233 3787 6
2259 3741 2315 3787 et
2350 3735 2556 3787 Marcia
2579 3753 2611 3787 r
2636 3737 2653 3806 ΙΙ

529 3812 559 3861 8
585 3816 641 3863 et
675 3828 758 3861 om
787 3827 852 3873 ςν
878 3811 895 3879 [l
923 3816 978 3862 et
1015 3828 1097 3862 om
1142 3827 1209 3872 ςν
1233 3809 1250 3879 ΙΙ
1279 3810 1743 3879 deppraehensum
1779 3822 1831 3862 Ν
1852 3810 1869 3880 ΙΙ
1914 3814 1969 3863 11
2015 3811 2280 3864 sardiscos
2319 3829 2386 3873 ςν
2411 3812 2428 3879 ΙΙ
2462 3814 2521 3864 12
2556 3830 2655 3881 pu-

527 3888 719 3958 gnauit
743 3906 1108 3959 magnumque
1133 3888 1397 3941 honorem
1421 3888 1552 3940 tulit
1576 3906 1607 3940 r
1633 3890 1650 3957 ΙΙ
1682 3893 1741 3940 14
1780 3906 1811 3941 a
1838 3906 1903 3950 ςν
1928 3888 1945 3957 l}
1973 3887 2176 3959 Cyrtha
2199 3906 2230 3940 r
2256 3889 2273 3959 ΙΙ
2304 3893 2363 3941 15
2393 3897 2448 3942 et
2470 3907 2553 3941 om
2579 3907 2610 3941 r
2634 3890 2653 3960 ΙΙ

531 3967 594 4016 16
618 3966 722 4035 ipsi
746 3965 1048 4034 Iugurthae
1071 3964 1276 4017 bellum
1300 3982 1332 4015 r
1358 3965 1375 4034 fl
1402 3964 1569 4034 idque
1604 3965 1767 4018 etiam
1805 3964 2171 4035 Calphurnius
2208 3984 2239 4017 r
2266 3966 2283 4035 ΙΙ
2315 3967 2375 4017 18
2410 3965 2655 4017 euocitus

523 4040 611 4111 Nn
637 4042 988 4094 indicandum
1013 4041 1362 4094 consiliorum
1386 4058 1610 4094 suorum
1651 4048 1898 4093 auctores
1940 4058 1971 4093 r
2009 4041 2025 4110 ΙΙ
2066 4044 2124 4093 21
2168 4042 2506 4094 masinissam
2545 4042 2653 4113 ςνῇ

527 4124 592 4173 22
618 4122 943 4192 populorum
967 4121 1132 4174 inuisi
1155 4133 1206 4172 N
1227 4120 1244 4190 u
1271 4120 1480 4174 iniussu
1504 4141 1538 4183 ς
1564 4120 1581 4189 ss
1607 4120 1896 4190 appetebat
1911 4138 1942 4172 r
1967 4120 1985 4190 ΙΙ
2013 4122 2075 4173 23
2097 4120 2276 4173 dicere
2301 4121 2481 4173 iussus
2500 4137 2609 4187 ρςν
2634 4121 2653 4188 ss

526 4203 590 4251 25
611 4200 846 4251 aurelius
872 4199 1178 4268 postumius
1201 4209 1284 4259 Νς
1309 4198 1326 4266 ss
