3052 4823
1092 345 1569 390 PRODIGIORVM
1602 343 1826 386 LIBER.
2255 367 2265 387 ,
2399 317 2531 378 137.

395 503 600 565 imum
630 497 864 562 corona
895 496 1143 582 spiceae
1174 495 1402 558 similis
1434 493 1504 557 in
1535 493 1753 566 orbem
1783 489 2070 564 emicuit,
2107 498 2171 550 et
2201 497 2422 569 postea
2452 485 2523 548 in

396 625 603 666 unum
632 584 944 665 circulum
977 599 1108 662 sole
1154 600 1410 662 redacto
1453 595 1677 659 multis
1708 592 2037 656 mensibus
2067 589 2379 672 languida
2406 590 2523 652 lux

395 705 542 768 fuit.
605 705 678 766 in
720 704 876 766 aede
914 701 1195 766 Castoris
1238 698 1579 763 nominum
1621 698 1844 761 literae
1891 694 2208 778 quaedam
2251 691 2527 754 Antonii

397 817 463 870 et
503 805 880 870 Dolabellae
921 803 1260 867 consulum
1305 823 1610 864 excussae
1656 809 1809 864 sunt
1828 847 1849 875 ,
1908 797 2140 880 quibus
2188 794 2525 876 utriusque

337 924 366 972 5
399 908 703 972 alienatio
749 930 787 970 a
829 905 1040 990 patria
1080 904 1462 988 significata.
1525 924 1763 966 canum
1805 901 2097 963 ululatus
2142 907 2331 962 nocte
2374 907 2525 959 ante

398 1009 723 1096 pontificis
753 1007 1022 1076 maximi
1051 1009 1316 1070 domum
1353 1004 1629 1090 [Lepidi]
1668 1003 1907 1080 auditi,
1958 1025 2040 1066 ex
2069 1001 2173 1065 his
2202 999 2525 1064 maximus

399 1137 437 1177 a
466 1113 688 1176 ceteris
717 1111 1001 1174 laniatus
1034 1121 1286 1192 turpem
1315 1107 1652 1171 infamiam
1698 1107 1944 1190 Lepido
1988 1103 2339 1188 portendit.
2404 1102 2525 1165 Os-

397 1217 524 1280 tiae
565 1237 723 1298 grex
764 1212 1044 1296 piscium
1085 1211 1156 1274 in
1197 1211 1365 1276 sicco
1405 1210 1727 1296 reciproco
1770 1209 1965 1272 maris
2009 1209 2196 1270 fluxu
2238 1203 2519 1269 relictus.

397 1318 616 1382 Padus
647 1315 996 1379 inundauit
1026 1329 1090 1377 et
1117 1314 1289 1376 intra
1327 1313 1537 1397 ripam
1575 1313 1853 1375 refluens
1896 1311 2231 1394 ingentem
2273 1308 2523 1392 uipera-

305 1435 364 1484 10
393 1442 540 1483 rum
588 1418 726 1481 uim
785 1415 1072 1501 reliquit.
1151 1415 1322 1478 inter
1370 1415 1709 1478 Caesarem
1758 1424 1822 1477 et
1883 1411 2249 1476 Antonium
2302 1409 2525 1472 ciuilia

393 1521 562 1585 bella
592 1531 834 1582 exorta.

397 1725 474 1788 C.
511 1726 728 1786 Pansa
756 1723 838 1785 A.
873 1722 1097 1786 Hirtio
1127 1744 1288 1786 coss,
1339 1721 1601 1786 Caesari
1636 1743 1787 1785 cum
1828 1722 2101 1816 honores
2144 1718 2384 1784 decreti
2428 1739 2523 1781 es·
2592 1721 2667 1778 69

400 1836 543 1890 sent
587 1837 651 1889 et
680 1822 1023 1909 imperium
1051 1827 1358 1891 aduersus
1388 1825 1784 1901 Antonium,
1848 1822 2213 1887 immolanti
2242 1819 2527 1904 duplicia
2561 1803 2740 1888 [129]

397 1940 545 1992 exta
577 1941 1030 2012 apparuerunt.
1075 1939 1328 1992 secutae
1359 1938 1512 1992 sunt
1542 1951 1690 1992 eum
1720 1949 1821 1991 res
1848 1948 2209 2010 prosperae.
2246 1926 2321 1990 O.
2353 1924 2525 1989 Pan-

301 2043 363 2092 15
393 2051 504 2094 sae
534 2053 664 2093 cos,
703 2042 918 2095 statua
947 2031 1257 2115 equestris
1291 2053 1490 2094 aenea
1519 2030 1696 2095 domi
1735 2029 1993 2093 corruit.
2062 2051 2263 2112 equus
2303 2027 2525 2112 phale-

393 2146 571 2197 ratus
601 2133 668 2195 in
701 2133 906 2217 ipsius
951 2142 1301 2217 conspectu
1343 2133 1658 2197 festinans
1700 2132 2003 2197 concidit.
2053 2132 2317 2216 quidam
2346 2153 2381 2193 e
2411 2153 2525 2215 po-

394 2237 549 2319 pulo
573 2236 888 2319 sanguine
918 2236 1333 2299 uictimarum
1361 2236 1699 2319 prolapsus
1741 2257 2095 2318 respersam
2138 2255 2360 2296 cruore
2388 2233 2527 2315 pal-

395 2359 571 2400 mam
600 2337 1035 2421 proficiscenti
1064 2337 1262 2399 dedit.
1299 2336 1557 2399 funesta
1579 2336 1739 2398 haec
1762 2336 1889 2421 ipsi
1916 2334 2206 2420 prodigia
2238 2335 2522 2397 fuerunt.

398 2438 510 2520 qui
567 2460 722 2501 mox
780 2440 1086 2503 aduersus
1148 2438 1512 2502 Antonium
1572 2437 1883 2502 dimicans
1934 2439 2007 2501 in
2048 2448 2323 2501 mortem
2380 2440 2527 2501 uul-

299 2552 365 2601 20
395 2549 657 2603 neratus
687 2549 806 2603 est.
869 2562 1194 2604 armorum
1236 2541 1636 2624 telorumque
1668 2541 1909 2625 species
1942 2564 1981 2604 a
2010 2551 2177 2604 terra
2206 2540 2349 2604 uisa
2378 2562 2525 2603 cum

397 2642 644 2726 fragore
675 2644 755 2705 ad
785 2643 1037 2706 caelum
1067 2643 1240 2707 ferri.
1277 2642 1465 2727 signa
1493 2643 1792 2728 legionis,
1827 2666 1990 2727 quae
2021 2644 2294 2707 relictaa
2312 2646 2530 2707 Pansa

398 2746 480 2808 ad
508 2744 684 2808 urbis
714 2745 1106 2828 praesidium
1137 2756 1272 2810 erat
1287 2795 1308 2823 ‚
1341 2746 1551 2811 ueluti
1578 2748 1773 2832 longo
1804 2748 1936 2811 situ
1964 2746 2247 2811 inductis
2279 2746 2529 2810 araneis

396 2853 435 2925 †
479 2847 699 2911 uenire
741 2848 904 2913 uisa.
969 2849 1244 2913 fulmine
1283 2850 1591 2934 pleraque
1634 2850 1787 2913 icta.
1850 2850 1921 2913 in
1968 2849 2193 2914 castris
2236 2842 2527 2913 Caesaris

395 2950 538 3012 luce
596 2948 804 3031 prima
853 2949 926 3011 in
977 2952 1260 3014 culmine
1311 2952 1617 3035 praetorii
1668 2975 1860 3036 super
1910 2952 2189 3015 linteum
2240 2950 2529 3015 consedit

298 3063 363 3111 25
395 3050 649 3133 aquila,
698 3050 850 3113 inde
880 3050 1496 3117 circumuolantibus
1528 3053 1885 3117 minoribus
1932 3054 2164 3117 auibus
2210 3054 2422 3116 excita
2452 3052 2531 3113 de

397 3160 744 3233 conspectu
773 3151 956 3214 abiit.
1015 3156 1272 3223 oraculo
1304 3155 1629 3238 Apollinis
1674 3178 1805 3219 uox
1836 3155 2056 3219 audita
2090 3150 2290 3239 ‘lupis
2322 3154 2530 3218 rabies

395 3252 608 3315 hieme
627 3300 647 3327 ,
695 3262 937 3315 aestate
967 3254 1364 3319 frumentum
1396 3279 1529 3319 non
1558 3250 1969 3323 demessum.>
2016 3240 2340 3337 ueteranis
2370 3257 2529 3320 Cae-

396 3354 523 3417 sari
579 3355 990 3418 consulatum
1045 3357 1490 3442 flagitantibus
1546 3360 1845 3424 terribilis
1903 3361 2223 3425 tumultus
2260 3339 2529 3423 ⁴Romae
2564 3386 2581 3397 -

393 3456 540 3520 fuit.
595 3458 831 3520 Caesar
859 3480 1006 3521 cnm
1050 3460 1120 3523 in
1160 3482 1458 3545 campum
1505 3462 1821 3527 Martium
1855 3463 2207 3528 exercitum
2256 3466 2529 3528 deduce-

299 3569 366 3620 30
396 3570 519 3635 ret,
555 3581 668 3622 sex
700 3560 992 3626 uultures
1035 3575 1493 3648 apparuerunt.
1551 3554 2009 3631 conscendenti
2052 3568 2283 3631 deinde
2327 3576 2532 3631 rostra

401 3872 421 3921 1
453 3869 664 3938 spiceae
691 3872 995 3941 Schfferue
1013 3894 1032 3924 :
1073 3872 1249 3943 spicae
1285 3892 1319 3924 ιι
1345 3873 1362 3943 ΙΙ
1390 3872 1577 3926 orbem
1617 3875 1920 3943 Schqfferas
1939 3896 1958 3925 .·
1996 3875 2183 3929 urbem
2222 3894 2257 3927 a
2283 3877 2299 3945 Ιῇ
2329 3879 2359 3927 4
2399 3875 2531 3927 utri-

396 3962 568 4014 usque
601 3947 1035 4017 Oudendorpius:
1064 3951 1307 4021 utrisque
1333 3970 1367 4004 a
1391 3953 1410 4021 ss
1437 3955 1468 4004 6
1493 3969 1622 4005 mom
1659 3951 1864 4006 flebiles
1880 3954 1905 4005 i?
1932 3955 1954 4017 a
1982 3957 2041 4006 12
2067 3954 2137 4005 A.
2153 3954 2287 4005 add.
2325 3955 2532 4006 Ouden-

393 4024 643 4093 dorpius:
691 4044 774 4078 om
799 4046 833 4079 a
860 4030 878 4097 ΙΙ
910 4032 970 4084 14
994 4030 1202 4083 Pansae
1233 4062 1288 4071 -
1319 4049 1486 4085 aenea
1517 4030 1951 4101 Oudendorpius:
1987 4034 2167 4086 Pansa
2203 4064 2255 4072 -—
2291 4034 2532 4089 ‘Antonii

395 4123 429 4157 a
455 4104 472 4175 Η
505 4109 561 4157 17
582 4105 897 4177 ‚prolapsus
932 4107 1270 4175 Schqfferua:
1319 4108 1574 4178 prolapso
1612 4126 1645 4161 a
1683 4107 1701 4178 ΙΙ
1746 4113 1806 4162 19
1832 4109 2031 4180 quippe
2064 4110 2509 4181 Oudendovpius.fil

397 4186 458 4237 22
486 4192 602 4237 erat
629 4185 932 4254 Schqfferus
948 4206 965 4236 :
1004 4192 1158 4238 erant
1181 4202 1214 4237 a
1242 4185 1260 4254 Ι]
