3052 4823
1263 299 1659 378 PRAnFATm.
2404 288 2537 380 'VII

407 486 627 550 critica
657 486 878 549 nullus
909 495 1118 548 certus
1152 506 1305 549 usus
1337 495 1454 549 est.
1511 505 1707 567 quare
1751 505 1899 546 cum
1945 484 2291 548 Nazariani
2320 495 2536 568 aucto-

407 593 663 657 ritatem
693 592 806 656 ubi
836 613 985 655 cum
1014 613 1088 654 eo
1119 590 1533 654 consentiunt
1562 613 1695 653 non
1724 591 2129 668 confirment,
2152 591 2266 654 ubi
2296 591 2539 656 dissen-

411 700 584 763 tiunt
611 697 936 782 propriam
966 697 1133 762 tueri
1160 707 1486 780 nequeant
1503 745 1523 773 ‚
1572 697 1845 780 singulis
1888 717 2109 760 eorum
2152 698 2538 762 testimoniis

409 804 806 888 conligendis
829 779 1208 887 apparatum
1231 803 1526 866 criticum
1550 802 1831 886 speciose
1846 823 2080 886 augere
2102 804 2304 867 nolui.
2332 803 2540 868 multo

409 912 624 975 minus
668 911 1072 994 singulorum
1114 911 1406 973 codicum
1450 909 1975 993 interpolationes
2022 931 2347 972 recensere
2391 932 2538 974 con-

410 1019 656 1081 sultum
686 1017 877 1092 duxi,
923 1018 1036 1080 sed
1079 1039 1226 1080 cum
1259 1027 1468 1080 totum
1496 1036 1703 1099 genus
1734 1015 2052 1078 indicasse
2092 1015 2408 1078 sufficeret
2426 1062 2446 1092 ‚
2502 1035 2542 1094 ς

409 1133 634 1186 notam
663 1122 965 1198 adhibui,
1023 1145 1149 1205 qua
1193 1145 1400 1185 unum
1439 1122 1546 1185 uel
1575 1123 1792 1205 plures
1823 1122 1930 1185 uel
1962 1143 2182 1186 omnes
2226 1121 2541 1186 eiusmodi

408 1231 602 1293 libros
635 1229 1097 1312 significarem,
1134 1238 1208 1291 ut
1252 1229 1500 1292 nemini
1531 1229 1662 1291 iam
1691 1229 1929 1292 mirum
1960 1229 2239 1292 accidere
2284 1228 2536 1306 debeat,

409 1337 465 1404 si
490 1337 712 1398 eodem
742 1336 879 1398 loco
897 1329 1180 1401 diuersas
1196 1335 1502 1399 lectiones
1532 1336 2079 1414 eodemgnotatas
2098 1333 2389 1418 reperiet.
2419 1335 2540 1397 hac-

407 1441 657 1505 uia-uel
687 1463 826 1504 eam
858 1442 938 1504 ob
969 1463 1228 1506 causam
1271 1441 1700 1506 incedendum
1743 1442 1905 1505 mihi
1948 1441 2108 1517 fuit,
2156 1442 2331 1523 quod
2373 1439 2538 1523 prio-

408 1569 552 1610 rum
583 1547 903 1610 editorum
931 1548 1151 1610 nullus
1183 1557 1316 1611 tam
1347 1559 1639 1611 accurate
1678 1548 1970 1611 codicum
2015 1567 2278 1610 suorum
2322 1545 2537 1608 lectio-

406 1675 520 1716 nes
553 1653 910 1736 adscripsit,
939 1664 1014 1716 ut
1047 1676 1126 1716 ex
1165 1654 1416 1718 silentio
1451 1665 1594 1740 tuto
1632 1653 1873 1738 conligi
1907 1664 2144 1736 posset.
2183 1652 2355 1734 quod
2376 1650 2541 1714 mihi

406 1758 688 1821 maxime
719 1781 800 1822 ex
829 1759 1044 1822 codice
1075 1760 1583 1844 Guelferbytano
1616 1762 1713 1844 (9)
1756 1759 1966 1843 patuit
1984 1778 2009 1836 ,·
2062 1757 2245 1821 cuius
2277 1757 2537 1841 quibus-

409 1866 558 1927 dam
587 1865 744 1928 locis
774 1864 1080 1929 lectiones
1111 1847 1611 1930 commemoraui
1640 1866 1875 1953 partim
1906 1887 2021 1948 per
2065 1887 2133 1928 se
2162 1863 2537 1928 memorabi-

405 1971 498 2034 les
514 2018 534 2048 ‚
582 1971 817 2054 partim
848 1971 1080 2055 quibus
1112 1974 1555 2050 admonerem,
1594 1973 1748 2057 quid
1778 1971 1847 2034 in
1878 1971 2020 2035 aliis
2051 1961 2265 2048 libris}
2290 1973 2370 2034 de
2401 1971 2537 2054 qui-

405 2078 526 2140 bus
569 2076 737 2139 nihil
781 2079 1160 2143 adnotatum
1213 2078 1629 2143 inueniebam
1646 2128 1665 2155 ,
1722 2089 1938 2142 extare
1982 2077 2329 2141 uideretur.
2396 2087 2539 2140 tum

407 2183 714 2266 adscripsi
744 2206 1182 2269 quaecumque
1221 2186 1292 2248 in
1335 2185 1615 2249 editione
1646 2186 1943 2248 Romana
1974 2186 2064 2266 (r)
2097 2184 2284 2279 aliter
2312 2184 2536 2267 legun-

405 2299 510 2352 tur
541 2298 732 2372 atque
763 2311 882 2374 ego
915 2291 1173 2375 scripsi,
1222 2302 1298 2355 ut
1338 2303 1508 2355 certo
1554 2301 1875 2357 constaret
1905 2311 2031 2374 quo
2060 2291 2238 2354 fonte
2270 2290 2539 2374 uulgata

405 2395 594 2459 lectio
626 2396 912 2461 deriuata
946 2406 1010 2461 et
1055 2420 1386 2481 quousque
1432 2397 1864 2481 interpolandi
1902 2397 2165 2462 licentia
2206 2416 2539 2481 progressa

406 2503 511 2565 sit.
572 2502 768 2566 huius
810 2502 1110 2566 editionis
1155 2501 1460 2565 lectiones
1490 2504 1668 2566 haud
1698 2526 1837 2567 raro
1870 2502 2087 2567 addito
2118 2522 2158 2581 ς
2187 2524 2335 2565 cum
2366 2502 2534 2566 codi-

402 2610 581 2673 cibus
610 2608 972 2672 consentire
1003 2608 1503 2693 significandum
1531 2609 1695 2673 mihi
1722 2609 1849 2673 fuit
1870 2658 1889 2685 ,
1940 2607 2056 2671 ubi
2102 2608 2376 2681 editores
2408 2608 2535 2671 dis-

404 2733 667 2778 sensum
697 2716 1004 2780 adnotare
1033 2714 1394 2799 neglexisse
1421 2738 1800 2799 persuasum
1830 2714 2089 2798 quidem
2109 2714 2335 2779 *habeo
2354 2763 2375 2793 ,
2424 2736 2533 2779 ue-

401 2842 547 2883 rum
587 2821 821 2883 horum
863 2823 1059 2885 fidem
1101 2843 1244 2884 eam
1285 2823 1364 2885 ob
1407 2834 1545 2885 rem
1577 2824 1970 2906 adtemptare
2000 2821 2183 2885 nolui
2218 2822 2381 2885 mihi
2426 2824 2533 2885 ad-

400 2945 643 3009 rogare.
696 2938 761 2990 et
789 2927 1072 3013 profecto
1089 2976 1108 3003 ,
1167 2927 1224 2991 si
1255 2929 1336 2990 ad
1365 2950 1592 2991 uerum
1622 2929 1921 2993 uenimus
1940 2976 1960 3005 ‚
1994 2930 2379 2991 tantundem
2409 2938 2529 3004 est,

397 3042 620 3095 utrum
659 3032 729 3095 in
776 3034 1012 3117 scripto
1059 3056 1143 3096 an
1187 3032 1496 3115 impresso
1549 3034 1713 3098 libro
1757 3044 1977 3116 aperta
2018 3033 2532 3115 deprehendatur

397 3138 830 3221 interpolatio.

569 3244 914 3308 Nazariani
955 3243 1153 3327 igitur
1193 3244 1428 3308 codicis
1475 3242 1857 3307 lectionibus
1904 3253 2198 3307 accurate
2242 3244 2529 3309 conside-

398 3349 553 3412 ratis
593 3349 647 3413 si
687 3352 908 3433 paullo
951 3350 1186 3425 rectius
1227 3332 1616 3439 constituere
1662 3350 1986 3435 scriptoris
2026 3352 2225 3415 uerba
2268 3350 2521 3427 licebat,

397 3456 677 3518 multum
719 3458 898 3520 ab‘est
941 3466 1156 3520 tamen
1203 3456 1549 3540 quominus
1614 3459 1694 3520 ad
1748 3456 2190 3541 integritatem
2231 3456 2529 3520 restituta

396 3552 604 3627 uideri
631 3562 903 3647 possint.
967 3562 1144 3627 haud
1185 3562 1375 3645 pauci
1420 3583 1574 3626 sane
1615 3585 1853 3627 errores
1882 3562 2167 3627 uirorum
2198 3564 2530 3628 doctorum

397 3666 678 3729 sollertia
708 3666 946 3730 sublati
985 3678 1136 3730 sunt
1152 3715 1171 3742 ,
1229 3688 1500 3755 quorum
1550 3671 2027 3733 emendationes
2074 3669 2281 3733 sicubi
2323 3680 2527 3733 certas

394 3770 624 3853 putaui
654 3794 980 3855 measque3-
1011 3772 1066 3835 si
1097 3774 1351 3853 quando
1381 3772 1518 3857 ipse
1544 3796 1767 3837 uerum
1801 3774 1964 3838 mihi
1992 3774 2319 3837 inuenisse
2347 3773 2528 3836 uisus

396 3896 562 3952 sum,
595 3876 766 3941 inter
797 3879 990 3941 uerba
1023 3877 1345 3961 scriptoris
1377 3878 1654 3962 recipere
1676 3901 1808 3942 non
1832 3880 2159 3953 dubitaui3
2196 3899 2359 3960 quae
2388 3878 2527 3941 ueri

393 3982 670 4064 speciem
699 4004 833 4046 non
873 3984 1196 4047 habebant
1236 4004 1379 4046 raro
1423 3984 1921 4067 commemoraui
1964 3994 2029 4046 et
2074 3982 2164 4046 eis
2207 3983 2339 4045 fere
2368 3983 2525 4047 locis

339 4146 347 4153 .
393 4088 743 4171 adscripsi,
797 4088 1032 4171 quibus
1077 4087 1229 4170 quid
1276 4086 1739 4153 desideraretur
1778 4087 1993 4170 potuis
2038 4087 2386 4180 significari
2415 4110 2525 4173 po-
