3052 4823
1064 307 1072 313 ⁶
1120 336 1593 380 PRODIGIORVM
1627 337 1849 380 LIBER.
2416 296 2461 377 ἱ1
2482 318 2560 380 33

431 488 529 550 tit.
582 509 620 550 a
653 487 932 550 Sertorio
962 487 1031 549 in
1064 486 1389 571 Hispania
1419 486 1736 550 exercitus
1766 486 2051 549 Romani
2080 487 2270 550 caesi.
2338 489 2561 551 aduer-

434 612 578 653 sum
611 591 840 652 Medos
871 588 1048 652 uarie
1081 589 1481 653 dimicatum.

430 744 506 805 C.
542 743 806 806 Aurelio
851 745 928 806 L.
965 742 1242 806 Octauio
1285 765 1445 806 coss
1512 741 1793 806 Sertorio
1827 727 1906 804 ‘in
1952 741 2279 827 Hispania
2320 741 2557 806 exerci-
2627 749 2704 805 60

431 855 572 907 tum
625 844 887 907 ducenti
947 847 1072 908 tale
1129 844 1494 929 prodigium
1547 853 1643 907 est
1694 844 1960 908 factum.
2034 855 2218 908 scuta
2268 829 2773 928 equitum[121]

369 960 398 1008 5
430 957 610 1030 parte
641 947 950 1011 exteriore
981 948 1317 1030 iaculaque
1349 957 1414 1010 et
1443 958 1704 1031 pectora
1745 969 2057 1030 equorum
2087 958 2358 1011 cruenta
2388 947 2553 1023 uisa,

324 1095 328 1099 -
433 1053 606 1133 quod
635 1072 1011 1133 prosperum
1041 1050 1166 1114 sibi
1209 1049 1667 1134 interpretatus
1710 1059 1807 1112 est
1848 1049 2207 1126 Sertorius,
2258 1049 2409 1133 quia
2452 1072 2560 1111 ex-

369 1205 374 1215 .
429 1145 657 1216 teriora
685 1153 908 1216 hostili
940 1152 1256 1236 sanguine
1286 1152 1600 1216 maculari
1624 1153 1855 1215 solent.
1892 1153 2199 1216 continua
2230 1152 2290 1214 ei
2317 1152 2561 1237 pro‘elia

427 1277 574 1320 cuni
605 1277 908 1319 successu
935 1256 1222 1319 fuerunt.

422 1448 475 1474 *ᾖ
545 1408 852 1490 Cyzicum
923 1407 1334 1470 Mithridates
1406 1389 1552 1469 cum
1616 1415 2052 1488 oppugnaret,
2118 1405 2553 1488 Aristagorae,

240 1526 247 1531 ·
330 1522 392 1571 10
425 1509 536 1593 qui
566 1509 637 1574 in
668 1531 920 1572 summo
949 1509 1334 1591 magistratu
1375 1519 1545 1585 erat,
1612 1509 1997 1592 Proserpina
2041 1508 2113 1570 in
2158 1507 2385 1591 quiete·
2405 1507 2561 1570 uisa

425 1620 522 1674 est
579 1610 819 1676 dicere'
849 1613 1154 1674 aduersus
1211 1610 1564 1675 tubicinem
1615 1635 1681 1676 se
1712 1610 2067 1674 'tibicinem
2126 1631 2550 1694 comparasse.

425 1717 680 1798 'postero
712 1713 814 1775 die
846 1724 1051 1777 turres
1082 1713 1366 1777 hostium
1405 1724 1605 1777 uento
1650 1715 1949 1778 disiectae
1982 1723 2156 1776 sunt.
2208 1715 2291 1775 ad
2329 1712 2555 1774 immo-

424 1815 696 1878 landum
723 1817 839 1879 bos
872 1835 1052 1878 sacra
1081 1813 1327 1882 iniussa
1357 1818 1436 1880 de
1466 1817 1795 1881 montibus
1826 1838 1940 1900 per
1967 1815 2255 1878 hostium
2286 1815 2557 1877 classem

425 1916 764 1980 adnatauit
795 1939 988 2000 seque
1022 1919 1108 1980 ad'
1135 1939 1273 1982 aras
1303 1919 1789 2002 percutiendam
1822 1918 2079 1984 obtulit.
2443 1922 2449 1928 '

327 2082 389 2130 15
423 2071 518 2133 Μ.
555 2070 863 2134 Cicerone
896 2071 1064 2135 Gaio
1093 2071 1380 2135 Antonio
1413 2094 1573 2136 coss·
1623 2073 1897 2136 fulmine
1927 2075 2228 2156 pleraque
2259 2072 2546 2134 decussa.
2623 2083 2695 2139 61

425 2195 648 2238 sereno
679 2164 1118 2257 Vargunteius
1151 2169 1473 2256 Pompeiis
1522 2174 1601 2236 de
1646 2174 1822 2237 caelo
1862 2174 2290 2237 exanimatus.
2362 2172 2557 2235 trabis
2594 2163 2769 2248 [122]

425 2277 654 2338 ardens
685 2277 763 2338 ab
795 2296 1026 2338 occasu
1057 2275 1138 2336 ad
1169 2274 1421 2336 caelum
1445 2282 1729 2336 extenta.
1779 2286 1980 2338 terrae
2004 2286 2187 2338 motu
2220 2274 2558 2356 Spoletum

424 2387 635 2439 totum
666 2385 1088 2450 concussum,
1139 2387 1204 2439 et
1235 2377 1548 2458 quaedam
1580 2389 1977 2451 corruerunt.
2026 2377 2195 2439 inter
2240 2375 2367 2438 alia
2396 2375 2557 2437 rela-

426 2486 588 2553 tum,
623 2478 886 2542 biennio
913 2488 1064 2541 ante
1093 2476 1164 2539 in
1195 2476 1516 2559 Capitolio
1548 2478 1771 2559 lupam
1801 2479 1995 2541 Remi
2040 2489 2105 2543 et
2134 2477 2402 2540 Romuli
2431 2477 2555 2539 ful-

323 2592 390 2640 20
423 2578 595 2643 mine
626 2580 847 2656 ictam,
883 2579 1271 2664 signumque
1301 2578 1480 2641 Iouis
1505 2591 1655 2641 cum
1680 2581 1981 2644 columna
2012 2579 2374 2655 disiectum,
2412 2602 2554 2642 aru-

427 2682 680 2765 spicum
709 2706 1011 2766 responso
1043 2682 1112 2744 in
1147 2682 1282 2746 foro
1325 2682 1702 2766 repositum.
1755 2684 2013 2746 tabulae
2056 2683 2277 2765 legum
2319 2702 2553 2744 aeneae

415 2783 620 2849 literis
650 2812 684 2846 εκ
735 2784 1139 2868 liquefactae.
1191 2787 1270 2848 ab
1301 2785 1404 2848 his
1434 2785 1745 2871 prodigiis
1772 2786 2095 2849 Catilinae
2126 2784 2373 2849 nefaria
2404 2806 2554 2847 con-

421 2888 684 2969 spiratio
715 2898 960 2971 coepta.

415 3080 470 3107 s*
496 3041 570 3103 C.
607 3039 934 3102 Antonius
977 3062 1222 3123 procos.
1282 3063 1431 3103 cum
1460 3042 1532 3103 in
1576 3065 1727 3125 agro
1771 3040 2172 3106 Pistoriensi.
2200 3039 2552 3103 Catilinam

319 3153 384 3202 25
417 3140 762 3204 deuicisset
783 3188 802 3216 ‚
847 3141 1166 3205 laureatos
1207 3143 1410 3206 fasces
1441 3142 1514 3207 in
1543 3144 1945 3229 prouinciam
1974 3142 2151 3206 tulit.
2198 3141 2289 3205 ibi
2321 3163 2356 3205 a
2388 3143 2552 3204 Dar-

407 3242 604 3309 danis
648 3264 988 3327 oppressus
1042 3244 1278 3308 amisso
1329 3245 1616 3308 exercitu
1665 3246 1973 3329 profugit.
2054 3242 2353 3329 apparuit
2406 3265 2554 3306 eum

416 3344 710 3408 hostibus
739 3346 1140 3428 portendisse
1171 3346 1505 3410 uictoriam
1529 3396 1549 3423 ,
1600 3369 1749 3410 cum
1779 3350 1860 3411 ad
1891 3370 1997 3411 eos
2042 3348 2301 3410 laurum
2331 3345 2553 3409 uictri-

417 3469 556 3510 cem
588 3446 832 3523 tulerit,
869 3471 1064 3531 quam
1093 3448 1164 3511 in
1195 3449 1516 3533 Capitolio
1548 3439 1855 3514 debuerat
1886 3452 2225 3534 deponere.

416 3639 445 3687 3
477 3636 536 3689 C.
573 3638 1008 3708 Oudendorpius:
1060 3643 1126 3694 L.
1156 3660 1190 3693 a
1215 3642 1236 3712 1}
1261 3646 1291 3695 9
1319 3643 1400 3695 M.
1429 3643 1671 3697 Varrone
1698 3645 1759 3697 C.
1792 3645 1977 3698 Cassio
2004 3662 2143 3697 cose.
2170 3642 2421 3696 excidisse
2442 3661 2551 3694 mo-

411 3713 534 3766 nuit
564 3714 964 3785 Oudendorpius
991 3718 1008 3786 [Ι
1039 3721 1097 3769 11
1127 3718 1427 3771 tubicinem
1455 3720 1791 3788 Scheff'erus:
1818 3720 2071 3773 tibicines
2096 3738 2130 3771 a
2154 3721 2173 3789 ss
2205 3724 2266 3771 15
2294 3718 2552 3771 Cicerone

412 3793 667 3845 Muretus
691 3794 763 3845 ad
791 3794 900 3847 Cic.
936 3795 1057 3847 Cat.
1085 3809 1179 3860 111,
1212 3800 1275 3848 8:
1305 3796 1512 3848 Cesone
1538 3814 1573 3847 a
1598 3797 1615 3864 u
1648 3799 1709 3848 16
1722 3796 1997 3867 Pompeiis
2024 3797 2329 3866 Schefferus
2345 3815 2365 3845 .·
2388 3795 2550 3847 Pom·

412 3869 566 3938 peius
604 3886 638 3920 a
664 3869 680 3938 [Ι
713 3872 775 3921 18
811 3870 1045 3922 relatum
1085 3871 1478 3939 Lycosthenes:
1534 3872 1711 3925 relatu
1748 3892 1781 3926 a
1808 3874 1825 3945 ΙΙ
1854 3878 1913 3927 21
1962 3892 2089 3926 num
2123 3873 2362 3944 reposita
2386 3874 2413 3925 9
2439 3873 2457 3943 ss
2484 3876 2550 3926 22

411 3947 733 4019 liquefactae
765 3948 1201 4017 Oudendorpius:
1239 3949 1547 4019 liquefactis
1572 3968 1606 4001 a
1632 3950 1649 4019 ΙΙ
1690 3952 1756 4002 2-1
1796 3949 1857 4003 C.
1885 3950 2163 4003 Antonius
2184 3980 2255 3988 ——
2280 3950 2550 4021 deponere

412 4045 546 4096 quae
571 4030 704 4095 post
725 4024 928 4078 deuicti
955 4044 1018 4093 p.
1053 4031 1168 4092 134,
1200 4032 1230 4080 5
1256 4028 1418 4098 ponit
1451 4047 1485 4081 a
1506 4066 1521 4093 ,
1571 4029 1673 4081 huc
1700 4031 2089 4099 transponenda
2118 4048 2227 4083 esse
2262 4030 2404 4083 uidit
2443 4031 2551 4083 Ou-

409 4103 728 4174 dendorpius
754 4103 772 4173 Π
798 4104 872 4156 D.
901 4104 1062 4157 Iunio
1105 4107 1170 4158 L.
1214 4106 1450 4161 Murena
1487 4121 1624 4161 coss.
1666 4108 1917 4162 excidisse
1942 4113 2139 4181 patetfl
2169 4110 2229 4164 C.
2273 4111 2549 4166 Antonius

409 4198 623 4252 procos.
651 4178 878 4250 scripsi:
917 4182 998 4235 M.
1029 4182 1285 4236 Cicerone
1325 4182 1385 4236 C.
1430 4182 1675 4236 Antonio
1696 4200 1834 4237 coss.
1862 4202 1897 4237 α
1922 4185 1939 4253 Η
