3052 4823
539 298 660 356 114
1275 313 1444 356 1vm1
1477 313 1924 362 OBSEQVENTIS

418 466 453 520 9
535 491 570 525 2*
625 465 706 530 Q.
745 461 1008 526 Petillio
1039 484 1198 526 coss.
1237 485 1384 525 cum
1416 463 1858 526 immolassent
1888 461 2185 524 uictimas
2218 461 2538 534 consules,
2573 459 2659 522 ie-

367 544 502 628 [64]
537 585 650 625 cur
679 563 991 626 extabuit.
1057 564 1392 627 Cornelius
1433 587 1512 626 ex
1544 575 1763 627 monte
1794 564 2047 626 Albano
2077 563 2327 625 rediens
2358 562 2661 624 membris

533 675 760 747 captus
792 667 868 728 ad
905 688 1102 748 aquas
1134 667 1459 730 Cumanas
1490 677 1806 729 mortuuS.
1873 664 2173 727 Petillius
2206 675 2428 728 contra
2458 664 2657 746 Ligu-

530 789 628 828 res
661 766 974 830 dimicans
1005 767 1249 831 occisus
1281 779 1401 830 est.

392 938 467 993 10
531 925 910 1008 M.‚Lepido
945 927 1026 992 Q.
1064 927 1284 989 Mucio
1316 948 1476 988 coss·
1524 926 1709 1010 graui
1754 924 2122 1008 pestilentia
2162 924 2501 986 hominum
2541 925 2652 987 bo·
2690 938 2721 984 5

365 1017 498 1101 [65]
534 1047 772 1109 umque
831 1029 1142 1090 cadauera
1199 1050 1358 1119 non!
1381 1028 1748 1091 sufficiente
1808 1026 2099 1089 Libitina
2149 1048 2299 1088 cum
2350 1025 2655 1102 iacerent,

531 1127 858 1191 uulturius
887 1151 1021 1191 non
1053 1128 1370 1212 apparuit.
1421 1127 1728 1193 Celtiberi
1758 1127 1977 1190 deleti.

394 1291 463 1348 11
533 1287 614 1352 Q.
652 1285 839 1349 Aelio
873 1290 1072 1350 Paeto
1120 1289 1213 1350 M.
1255 1288 1447 1352 Iunio
1489 1310 1653 1350 coss‚
1718 1289 1967 1350 Romae
2011 1287 2253 1372 aliquot
2297 1289 2437 1350 loc-a
2482 1309 2660 1350 sacra

359 1369 493 1454 [7⁰]
527 1388 920 1471 profanaque
952 1392 1030 1452 de
1061 1390 1235 1453 caelo
1283 1399 1473 1452 tacta.
1538 1388 1877 1471 Anagniae
1923 1399 2089 1451 terra
2133 1389 2323 1472 pluit.
2376 1387 2659 1450 Lanuuii

530 1489 643 1551 fax
671 1492 900 1554 ardens
932 1491 1000 1553 in
1033 1493 1208 1554 caelo
1241 1490 1400 1554 uisa.
1452 1491 1743 1554 Calatiae
1784 1491 1854 1552 in
1900 1512 2051 1573 agro
2094 1491 2351 1572 publico
2394 1513 2508 1572 per
2552 1489 2658 1552 tri·
2696 1501 2763 1550 10

539 1719 560 1766 1
595 1715 695 1768 Cn.
727 1716 978 1770 Cornelio
1005 1718 1257 1789 Scipione
1295 1719 1545 1772 excidisse
1580 1717 1788 1770 monuit
1827 1715 2228 1784 Oudendorpius
2266 1718 2283 1785 ΙΙ
2326 1715 2394 1774 Q.
2441 1710 2662 1765 Petillio

533 1795 871 1862 Schefferus:
898 1797 1069 1849 Lucio
1083 1797 1310 1850 Petellio
1334 1817 1367 1850 a
1393 1799 1410 1868 ΙΙ
1438 1801 1467 1849 2
1495 1797 1689 1849 Liuius
1713 1808 1836 1859 XLI,
1869 1799 1933 1846 14
1954 1792 2077 1847 ‘Cn.
2108 1793 2358 1847 Cornelio
2384 1800 2439 1844 et
2464 1791 2533 1849 Q·
2563 1790 2664 1842 Pe-

533 1869 673 1922 tillio
701 1871 1033 1936 consulibuS,
1064 1890 1172 1941 quo
1199 1874 1286 1926 die
1303 1873 1681 1942 magistratum
1707 1872 1965 1933 inierunt,
1986 1868 2391 1925 immolantibus
2409 1867 2535 1920 Ioui
2556 1864 2664 1918 sin-

465 1941 474 1948 ’
533 1948 676 2016 gulis
687 1947 888 2014 bubuS,
912 1951 994 2002 uti
1019 1952 1174 2014 solet,
1205 1952 1260 2003 in
1288 1969 1350 2003 ea
1374 1951 1571 2014 hostia,
1603 1968 1711 2021 qua
1724 1951 1793 2009 Q.
1811 1949 2059 2003 Petillius
2085 1947 2436 2010 sacrificauit,.
2454 1947 2511 1998 in
2536 1944 2665 1997 ioci·
2716 1953 2722 1958 '

534 2039 662 2075 nere
689 2031 853 2092 caput
869 2042 980 2077 non
1007 2025 1314 2078 inuentum.
1343 2026 1400 2078 id
1417 2044 1541 2078 cum
1556 2027 1623 2078 ad
1636 2034 1885 2078 senatum
1910 2027 2225 2090 rettulisset,
2256 2027 2399 2079 boue
2413 2025 2665 2096 perlitare

533 2095 748 2154 iussus?
785 2105 846 2153 15
872 2099 994 2155 ‘Cn.
1015 2103 1297 2156 Cornelius
1323 2113 1579 2157 euocatus
1598 2122 1629 2156 a
1644 2104 1854 2156 uiatore
1880 2122 2001 2156 cum
2018 2105 2220 2174 templo
2238 2121 2485 2173 egressus
2502 2109 2661 2166 esset,

534 2179 697 2248 paulo
713 2186 839 2249 post
861 2180 1025 2234 rediit
1050 2181 1276 2234 confuso
1288 2182 1447 2235 uultu
1474 2190 1530 2235 et
1544 2183 1797 2252 exposuit
1812 2182 2057 2251 patribus
2073 2182 2390 2252 conscriptis
2402 2181 2560 2233 bouis
2586 2197 2668 2232 se-

532 2256 786 2320 scenariS,
818 2275 977 2327 quem
995 2257 1402 2324 immolauisset,
1415 2256 1571 2311 'iecur
1586 2259 1913 2323 diffluxisse‚.
1930 2259 1987 2311 id
2000 2278 2057 2312 se
2069 2260 2372 2312 uictimario
2388 2259 2667 2311 nuntianti

532 2338 1052 2406 parumcredentem
1077 2338 1256 2408 ipsum
1279 2356 1474 2408 aquam
1493 2339 1700 2391 effundi
1726 2357 1793 2390 ex
1818 2338 1954 2402 olla,
1995 2338 2092 2391 ubi
2130 2346 2257 2391 exta
2282 2344 2658 2407 coquerentur,

532 2416 752 2469 iussisse
779 2422 833 2468 et
859 2415 1058 2469 uidisse
1083 2424 1315 2469 ceteram
1338 2416 1605 2486 integram
1630 2423 1838 2485 partem
1864 2422 2123 2468 'extorum
2137 2455 2151 2479 ,
2195 2416 2345 2468 iecur
2369 2432 2527 2467 omne
2551 2414 2663 2466 ine-

532 2492 791 2546 narrabili
815 2492 940 2545 tabe
963 2493 1328 2563 absumptum.
1367 2493 1571 2545 territis
1596 2511 1660 2545 eo
1685 2492 1933 2563 prodigio
1958 2491 2203 2560 patribus
2229 2497 2283 2544 et
2307 2490 2443 2543 alter
2467 2507 2661 2542 consu-

533 2565 648 2623 lu'm
675 2588 858 2623 curam
883 2570 1098 2633 adiecit,
1130 2570 1224 2639 qui
1249 2588 1323 2635 se,
1355 2570 1502 2639 quod
1529 2579 1693 2641 caput
1716 2571 1940 2623 iocineri
1965 2570 2227 2622 defuisset
2243 2608 2257 2633 ,
2286 2568 2462 2621 tribus
2487 2567 2667 2619 bubus

531 2648 812 2719 perlitasse
838 2647 1078 2717 negauit.
1108 2654 1327 2699 senatus
1351 2647 1644 2700 maioribus
1670 2648 1864 2700 hostiis
1883 2666 2054 2717 usque
2080 2648 2150 2699 ad
2174 2648 2477 2700 litationem
2503 2646 2663 2699 sacri-

533 2725 681 2777 ficari
707 2724 882 2777 iussit.
935 2724 1126 2776 ceteris
1151 2724 1234 2776 dis
1260 2724 1572 2794 perlitatum
1597 2726 1807 2789 ferunt,
1854 2724 2029 2779 Saluti
2065 2726 2343 2778 Petillium
2381 2724 2663 2795 perlitasse

533 2799 773 2871 negant?
805 2803 823 2869 Η
850 2806 879 2853 2
905 2801 1097 2852 Liuius
1122 2813 1245 2865 XLI,
1286 2806 1344 2854 16
1379 2800 1699 2856 ‘accesserat
1723 2803 1792 2855 ad
1816 2803 2134 2872 religionem
2161 2803 2310 2872 quod
2336 2803 2435 2855 Cn.
2466 2804 2665 2856 Corne-
2716 2831 2725 2837 ·

533 2879 639 2932 lius
679 2878 868 2931 consul
894 2896 962 2930 ex
1002 2885 1186 2932 monte
1223 2879 1437 2932 Albano
1473 2881 1688 2933 rediens
1739 2881 1977 2934 concidit
2017 2887 2072 2932 et
2109 2888 2273 2949 parte'
2295 2881 2662 2933 membrorum

535 2965 725 3027 captus
750 2958 819 3009 ad
844 2974 1010 3026 aquas
1036 2956 1304 3010 Cumanas
1329 2959 1603 3028 profectus
1627 2960 2038 3029 ingrauescente
2062 2959 2251 3011 morbo
2271 2959 2455 3012 Cumis
2482 2960 2663 3012 deces-

535 3037 641 3092 sit.'
673 3037 690 3107 H
718 3042 748 3091 4
774 3037 966 3089 Liuius
990 3050 1113 3101 XLI,
1148 3040 1209 3089 18
1244 3036 1456 3091 ‘consul
1499 3057 1639 3109 equo
1677 3040 1939 3093 aduectus
1978 3056 2105 3091 suos
2132 3038 2350 3108 quidem
2376 3056 2409 3091 a
2433 3039 2565 3108 fuga
2587 3056 2669 3091 re-

535 3116 789 3179 uocauit,
830 3115 946 3185 ipse
971 3116 1099 3167 dum
1137 3115 1409 3169 incautius
1446 3125 1573 3170 ante
1610 3117 1767 3186 signa
1789 3118 2136 3182 obuersatur,
2178 3117 2371 3170 missili
2409 3118 2667 3170 traiectus

537 3192 765 3248 cecidit?
798 3194 814 3263 [Ι
843 3200 872 3245 5
898 3194 962 3245 Ρ.
990 3194 1178 3246 Mucio
1198 3194 1446 3263 Siqonius
1475 3196 1490 3265 {1
1517 3194 1711 3248 Liuius
1723 3208 1845 3260 XLI,
1864 3198 1923 3247 21
1951 3193 2299 3266 ‘pestilentia,
2330 3212 2467 3265 quae
2487 3195 2664 3265 priore

538 3290 680 3325 anno
706 3272 764 3324 in
787 3272 958 3324 boues
993 3272 1274 3341 ingruerat
1296 3313 1309 3337 ,
1341 3291 1404 3326 eo
1431 3282 1669 3327 uerterat
1693 3275 1749 3326 in
1775 3273 2057 3327 hominum
2082 3273 2319 3326 morbos,
2351 3303 2412 3312 —
2442 3272 2667 3325 seruitia

537 3350 770 3402 maxime
794 3349 1179 3414 moriebantur,
1211 3368 1396 3402 eorum
1423 3362 1630 3420 strages
1656 3370 1752 3421 per
1776 3369 1962 3404 omnes
1982 3351 2098 3404 uias
2122 3350 2516 3420 insepultorum
2534 3357 2665 3413 erat3

539 3442 608 3477 ne
624 3425 918 3477 liberorum
945 3424 1164 3491 quidem
1189 3425 1471 3477 funeribus
1498 3426 1741 3480 Libitina
1766 3427 2084 3480 sufficiebat.
2127 3427 2389 3479 cadauera
2412 3425 2617 3477 intacta
2641 3442 2673 3477 a

541 3502 765 3554 canibus
789 3518 850 3553 ac
877 3500 1187 3553 uulturibus
1213 3502 1365 3553 tabes
1391 3502 1726 3566 absumebat,
1758 3505 1998 3573 satisque
2018 3503 2301 3556 constabat
2323 3518 2422 3554 nec
2448 3501 2543 3553 illo
2569 3518 2670 3554 nec

541 3582 718 3652 priore
744 3597 886 3632 anno
911 3578 968 3631 in
993 3586 1147 3631 tanta
1171 3587 1351 3649 strage
1376 3580 1545 3633 boum
1585 3582 1975 3652 hominumque
2001 3582 2301 3635 uulturium
2329 3595 2558 3648 usquam
2583 3579 2665 3631 ui-

542 3659 696 3714 sum?
729 3661 746 3730 fl
775 3664 800 3711 7
831 3657 1105 3711 uulturius
1131 3658 1433 3727 Schefferus
1449 3680 1466 3709 :
1492 3660 1722 3713 ulterius
1748 3679 1781 3713 a
1808 3661 1825 3729 ss
1854 3664 1883 3713 8
1908 3660 2066 3712 Aelio
2080 3656 2359 3711 Hearnius
2376 3678 2394 3707 :
2422 3656 2672 3727 Aemylio

541 3761 576 3793 a
603 3742 620 3811 ss
647 3740 808 3793 Iunio
831 3737 1139 3791 Hearnius:
1170 3738 1316 3789 Iulio
1341 3756 1376 3790 a
1402 3738 1418 3807 ΙΙ
1443 3739 1638 3791 Liuius
1662 3752 1793 3801 XLV,
1830 3743 1891 3791 16
1911 3737 2094 3790 ‘aedes
2120 3737 2281 3788 deum
2305 3735 2592 3788 Penatium
2616 3734 2675 3785 in

543 3819 698 3872 Velia
719 3817 786 3870 de
812 3817 960 3869 caelo
987 3822 1133 3868 tacta
1157 3822 1272 3867 erat
1295 3822 1352 3867 et
1375 3816 1433 3868 in
1460 3817 1662 3887 oppido
1676 3815 1953 3868 Mineruio
1967 3815 2107 3866 duae
2130 3819 2317 3882 portae
2344 3819 2399 3863 et
2411 3811 2553 3863 muri
2577 3810 2673 3862 ali-

545 3907 826 3970 quantum.
878 3895 1161 3965 Anagniae
1200 3903 1344 3946 terra
1377 3893 1617 3964 pluerat,
1661 3899 1716 3944 et
1753 3890 1989 3943 Lanuuii
2020 3889 2111 3940 fax
2136 3888 2193 3939 in
2219 3887 2368 3940 caelo
2394 3886 2515 3938 uisa
2538 3893 2670 3949 erat,

544 3985 600 4029 et
625 3976 863 4029 Calatiae
887 3974 945 4027 in
973 3973 1195 4042 publico
1230 3989 1364 4040 >agro
1400 3969 1482 4020 M.
1526 3966 1775 4019 Valerius
1812 3965 1949 4017 ciuis
1975 3964 2256 4016 Romanus
2291 3959 2582 4014 nuntiabat
2609 3977 2678 4012 ex

542 4056 665 4107 foco
691 4072 790 4107 suo
817 4051 1134 4121 sanguinem
1160 4068 1256 4119 per
1281 4049 1523 4101 triduum
1563 4051 1618 4097 et
1643 4045 1777 4096 duas
1813 4050 1999 4095 noctes
2041 4038 2323 4092 manasse?
2356 4040 2373 4109 §1
2401 4042 2433 4091 9
2470 4040 2538 4093 de
2575 4037 2683 4089 add

547 4131 849 4200 Schefferus
867 4149 884 4180 .-
911 4147 994 4180 om
1021 4146 1054 4179 a
1081 4128 1097 4197 ΙΙ
1124 4126 1362 4179 Lanuuii
1386 4121 1695 4177 Perizonius
1720 4120 1885 4173 anim.
1916 4119 2040 4172 Ῐιὶεέ.
2062 4121 2091 4170 S
2106 4137 2169 4187 p.
2192 4122 2289 4171 324
2308 4139 2325 4169 .-
2351 4118 2601 4171 Lauinia
2626 4118 2645 4187 ΙΙ
