3052 4823
395 2307 413 2378 κ,

537 319 656 380 100
1407 337 1791 382 ΡΕΒΙΟΟΗΑΕ

1256 521 1385 584 Ex
1430 523 1606 585 LIB.
1657 520 1947 585 cxvn.
2006 481 2012 486 ’

532 695 607 758 C.
645 692 960 756 Octauius
991 692 1269 754 Romam
1309 712 1389 753 ex
1419 691 1618 773 Epiro
1647 690 1831 754 uenit
1866 728 1945 755 ,-
1976 713 2051 754 eo
2082 691 2258 754 enim
2286 691 2479 756 illum
2508 693 2667 756 Cae·

531 817 634 859 sar
660 793 1074 880 praemiserat
1101 792 1349 855 bellum
1378 791 1449 856 in
1481 793 1865 856 Macedonia
1892 803 2190 877 gesturus
2222 832 2307 842 --
2348 823 2382 856 *
2436 794 2664 868 omini-

529 900 780 981 busque
807 894 1124 980 prosperis
1155 904 1459 977 exceptus
1487 925 1522 957 ιιι
1576 905 1641 957 et
1670 916 1906 958 nomen
1938 895 2227 960 Caesaris
2261 896 2557 979 sumpsit.
2593 896 2667 958 in

533 998 905 1064 confusione
964 1017 1180 1059 rerum
1239 1017 1311 1058 ac
1373 997 1663 1060 tumultu
1714 997 1812 1058 M.
1869 996 2155 1079 Lepidus
2214 998 2666 1081 pontificatum
2699 1011 2730 1060 5

530 1101 888 1168 maximum
916 1097 1280 1180 intercepit.
1330 1109 1395 1161 et
1437 1099 1534 1160 M.
1570 1097 1897 1160 Antonius
1940 1119 2068 1162 cos.
2106 1121 2256 1162 cum
2297 1099 2663 1183 inpotenter

533 1201 970 1265 dominaretur
1014 1201 1351 1284 legemque
1395 1202 1474 1263 de
1517 1198 1992 1282 permutatione
2031 1201 2511 1284 prouinciarum
2551 1224 2666 1286 per
2768 1204 2776 1210 “

533 1302 671 1366 uim
700 1302 956 1366 tulisset
986 1311 1050 1365 et
1079 1303 1418 1364 Caesarem
1447 1323 1706 1385 quoque
1732 1311 2064 1384 petentem
2094 1313 2169 1366 ut
2199 1302 2324 1365 sibi
2354 1304 2660 1365 aduersus

531 1427 931 1488 percussores
991 1402 1301 1467 auunculi
1361 1405 1611 1466 adesset
1669 1403 1924 1487 magnis
1990 1403 2246 1466 iniuriis
2300 1404 2657 1481 adfecisset,

533 1508 769 1572 Caesar
799 1517 864 1570 et
893 1506 1017 1570 sibi
1047 1516 1111 1570 et
1140 1505 1234 1569 rei
1263 1504 1561 1588 publicae
1591 1505 1760 1570 uires
1793 1508 2103 1570 aduersus
2146 1527 2307 1582 eum,
2325 1518 2663 1588 paraturus
2700 1518 2767 1568 10

531 1611 840 1673 deductos
869 1608 940 1670 in
968 1607 1250 1672 colonias
1294 1616 1631 1670 ueteranos
1678 1607 2013 1671 excitauit.
2076 1607 2363 1690 legiones
2412 1628 2664 1690 quoque

531 1722 759 1794 quarta
800 1720 863 1773 et
908 1709 1150 1773 Martia
1191 1709 1375 1793 signa
1415 1710 1495 1772 ab
1539 1709 1823 1773 Antonio
1869 1711 1947 1772 ad
1980 1711 2322 1773 Caesarem
2349 1710 2659 1786 tulerunt,

532 1812 764 1876 deinde
795 1821 860 1874 et
901 1811 1239 1894 conplures
1271 1810 1544 1874 saeuitia
1586 1812 1683 1872 M.
1720 1811 2009 1887 Antoni,
2056 1811 2299 1894 passim
2337 1811 2409 1874 in
2438 1810 2663 1874 castris

532 1913 665 1978 suis
698 1912 1078 1977 trucidantis
1107 1913 1220 1995 qui
1247 1913 1308 1975 ei
1343 1913 1627 1994 suspecti
1658 1923 1861 1989 erant,
1900 1914 1978 1976 ad
2011 1914 2350 1977 Caesarem
2379 1912 2662 1976 desciue-

530 2024 708 2080 runt.
787 2012 946 2078 Dee.
977 2017 1220 2077 Brutus
1243 2023 1318 2077 ut
1346 2015 1595 2097 petenti
1628 2014 2031 2098 Cisalpinam
2060 2014 2346 2079 Galliam
2375 2013 2663 2078 Antonio
2700 2027 2767 2077 15

532 2116 893 2192 obsisteret,
930 2115 1262 2179 Mutinam
1291 2139 1453 2180 cum·
1470 2116 1758 2180 exercitu
1775 2116 2138 2200 occupauit.
2185 2126 2511 2199 praeterea
2534 2115 2660 2179 dis-

467 2285 475 2292 ,
529 2240 752 2282 cursus
797 2217 1130 2301 utriusque
1172 2217 1371 2301 partis
1415 2217 1703 2282 uirorum
1744 2220 1827 2282 ad
1867 2219 2270 2302 accipiendas
2298 2217 2665 2302 prouincias
2731 2239 2741 2250 ⁵

533 2331 1004 2407 apparatusque
1031 2319 1189 2384 belli
1219 2318 1529 2383 continet.

1241 2593 1366 2654 EX
1412 2593 1590 2655 LIB.
1641 2592 1968 2657 CXVIII.

533 2796 629 2857 M.
667 2797 912 2857 Brutus
941 2793 1012 2857 in
1043 2793 1315 2857 Graecia
1345 2796 1464 2858 sub
1494 2804 1831 2877 praetextu
1874 2794 1969 2857 rei
2008 2792 2303 2876 publicae
2346 2802 2410 2855 et
2454 2813 2663 2855 susce·
2696 2802 2767 2853 20

531 2896 630 2980 pti
661 2906 885 2959 contra
929 2896 1026 2958 M.
1072 2896 1433 2959 Antonium
1477 2897 1635 2960 belli
1676 2896 2030 2959 exercitum
2072 2895 2179 2959 cui
2226 2897 2304 2959 P.
2353 2892 2657 2959 Vatinius

531 3008 823 3081 praeerat
889 3020 1038 3061 cum
1091 2997 1428 3080 prouincia
1465 2997 1538 3059 in
1577 3009 1963 3081 potestatem
2023 3020 2206 3061 suam
2248 2995 2515 3079 redegit.
2578 2994 2655 3057 C.

535 3099 817 3176 Caesari,
854 3099 965 3183 qui
993 3099 1291 3183 priuatus
1322 3099 1415 3163 rei
1437 3101 1734 3183 publicae
1765 3122 1937 3163 arma
1952 3110 2336 3183 sumpserat,
2369 3118 2663 3181 proprae-

535 3201 688 3265 toris
717 3201 1060 3284 imperium
1091 3224 1128 3264 a
1158 3211 1388 3265 senatu
1418 3203 1646 3266 datum
1675 3212 1773 3266 est
1802 3224 1952 3265 cum
1992 3200 2436 3265 consularibus
2480 3220 2665 3263 orna-

534 3302 769 3365 mentis
787 3350 807 3378 ,
859 3302 1307 3387 adiectumque
1351 3313 1428 3367 ut
1457 3314 1712 3368 senator
1740 3314 1926 3367 esset.
2008 3304 2105 3367 M.
2141 3302 2468 3367 Antonius
2498 3302 2659 3363 Dec.
2696 3310 2769 3361 25

535 3622 565 3670 2
593 3617 660 3670 Ο.
688 3634 721 3669 r
744 3617 765 3686 ΙΙ
790 3620 821 3671 3
847 3616 1206 3687 omnibusque
1228 3630 1313 3681 Νς
1337 3619 1354 3688 ss
1383 3621 1413 3669 4
1438 3634 1693 3688 prospere
1718 3617 1959 3687 exceptis
1984 3635 2050 3679 ςν
2074 3616 2093 3685 11
2120 3618 2283 3671 etiam
2306 3635 2339 3670 r
2362 3616 2383 3688 ΙΙ
2408 3620 2439 3669 5
2464 3614 2667 3669 tumul-

533 3701 690 3748 tuum
713 3695 956 3766 lepidum
978 3707 1029 3747 N
1049 3694 1067 3765 ΙΙ
1093 3695 1335 3765 lepidum
1359 3695 1671 3765 pontificem
1696 3702 1813 3748 tum
1836 3692 2132 3747 maximum
2171 3694 2444 3747 interfecit
2481 3692 2667 3763 (inter-

534 3773 666 3827 emit
685 3775 738 3846 r)
764 3787 897 3838 Ngr.
926 3792 1049 3827 corr
1074 3774 1327 3842 Siqonius
1362 3775 1381 3845 ss
1421 3778 1452 3827 6
1491 3774 1589 3826 sed
1626 3792 1659 3826 r
1695 3775 1714 3845 ΙΙ
1756 3779 1783 3826 7
1823 3772 2228 3845 prouinciarum
2269 3770 2669 3841 permutatione

533 3848 750 3904 tulisset
772 3867 869 3920 per
894 3848 1008 3900 uim
1031 3866 1064 3901 r
1088 3849 1106 3918 ss
1133 3852 1164 3899 9
1190 3848 1448 3902 auunculi
1473 3866 1815 3919 percussores
1840 3868 1872 3902 r
1896 3851 1914 3919 ΙΙ
1946 3853 2008 3902 10
2034 3858 2098 3903 ut
2136 3850 2242 3903 sibi
2275 3868 2308 3902 r
2333 3850 2352 3920 ΙΙ
2378 3856 2567 3920 contra
2588 3866 2621 3901 r
2646 3850 2665 3920 [Ι

538 3927 596 3976 11
625 3920 895 3980 'deductus
920 3924 978 3979 in
1004 3924 1217 3978 colonia
1236 3938 1286 3979 Ν
1309 3925 1326 3995 ΙΙ
1359 3928 1417 3977 13
1446 3925 1644 3979 deinde
1668 3927 1895 3997 pluresr
1920 3928 1939 3997 ss
1970 3931 2033 3979 14
2056 3926 2379 3980 trucidantis
2406 3927 2501 3996 qui
2531 3928 2669 3979 Gro-

535 4001 754 4055 novius.-
779 4002 1038 4055 trucidati
1063 4002 1192 4072 quia
1213 4014 1328 4065 Νςν
1352 4001 1372 4072 ΙΙ
1398 4002 1449 4055 ei
1471 4002 1694 4071 scripsi.-
1722 4010 1901 4067 etNgr
1924 4003 1943 4074 ΙΙ
1975 4008 2036 4057 15
2063 4012 2119 4058 et
2142 4005 2212 4058 ad
2230 4023 2296 4067 ςν
2320 4005 2341 4075 [Ι
2371 4008 2434 4058 16
2460 4005 2669 4058 discur-

533 4096 654 4131 sum
677 4091 760 4142 Νς
784 4080 804 4149 11
831 4082 898 4133 20
923 4079 989 4131 B.
1015 4096 1048 4131 r
1073 4082 1090 4150 ΙΙ
1116 4086 1456 4149 praetextato
1479 4092 1532 4133 N
1552 4080 1569 4149 ΙΙ
1598 4082 1658 4133 21
1689 4097 1745 4150 p.
1783 4098 1867 4133 om
1906 4099 1972 4143 ςν
2012 4083 2032 4153 ΙΙ
2072 4087 2137 4136 23
2174 4082 2421 4152 priuatus
2462 4084 2672 4134 Grono-

532 4154 652 4207 m‘us
667 4176 685 4205 :
721 4156 928 4225 primus
951 4167 1066 4217 Νςν
1089 4156 1108 4225 ΙΙ
1134 4156 1497 4226 propraetoris
1523 4154 1776 4225 Siqonius
1794 4177 1813 4208 .-
1838 4173 2023 4227 propr.
2049 4170 2113 4223 N,
2143 4176 2243 4227 pro
2266 4175 2359 4228 po.
2386 4175 2467 4211 ro·
2502 4174 2569 4219 ςν
2594 4158 2613 4225 ΙΙ
