3052 4823
1011 338 1073 380 r.
1111 337 1254 382 L1v1
1285 337 1766 382 xum—XLVI.
2384 321 2468 382 47

333 484 532 569 legati
576 494 848 568 egerunt
860 508 880 559 3
928 506 1050 548 nec
1093 496 1423 570 tamquam
1469 486 1629 550 socii
1643 535 1665 563 ,
1710 509 1829 550 nec
1874 498 2205 571 tamquam
2248 489 2465 554 hostes

335 586 607 652 dimissi.
686 585 1070 650 Macedonia
1109 587 1180 650 in
1223 588 1595 672 prouinciae
1637 588 1911 652 formam
1952 592 2209 654 redacta
2250 591 2467 654 Aemi-

335 689 464 753 lius
508 692 606 754 Pa
679 712 755 752 us
798 689 1310 770 repugnantibus
1351 690 1671 754 militibus
1714 690 1917 773 ipsius
1957 702 2219 775 propter
2261 692 2468 756 mino-

331 811 468 854 rem
490 793 796 875 praedam
825 799 891 852 et
914 791 1394 855 contradicente
1425 791 1655 854 Seruio
1688 791 1977 874 Sulpicio
2003 794 2218 857 Galba
2242 794 2467 858 trium-

274 905 306 954 5
336 893 570 977 phauit
601 901 666 956 et
697 893 942 956 Persen
971 913 1122 954 cum
1152 895 1354 957 tribus
1385 893 1538 958 filiis
1568 893 1755 957 duxit
1786 904 1937 956 ante
1966 917 2244 959 currum.
2280 880 2467 974 cuius

336 994 654 1077 triumphi
683 994 930 1057 laetitia
959 1015 1044 1056 ne
1075 995 1282 1058 solida
1311 994 1372 1058 ei
1401 996 1805 1079 contingeret
1823 1043 1843 1072 ,
1878 998 2155 1060 duorum
2182 997 2469 1062 filiorum

335 1097 672 1160 funeribus
703 1096 1015 1180 insignita
1057 1107 1179 1172 est,
1225 1118 1498 1180 quorum
1540 1097 1805 1160 alterius
1846 1119 2015 1160 mors
2060 1083 2467 1182 triumphum

2416 1173 2575 1200 wau-“¹'‘

334 1198 535 1281 patris
566 1199 948 1280 praecessit,
1000 1198 1264 1262 alterius
1296 1209 1518 1262 secuta
1546 1209 1666 1262 est.
1688 1199 2007 1362 Lllustrum
2036 1221 2075 1262 a
2097 1200 2465 1264 censoribus

339 1299 677 1364 conditum
704 1310 826 1364 est.
873 1321 1064 1364 censa
1087 1304 1242 1363 s'unt
1271 1299 1517 1364 ciuium
1546 1298 1689 1381 capi
1786 1321 1999 1364 cccxn
2029 1322 2249 1366 Dcccv.
2301 1304 2464 1367 Pru-

240 1414 304 1462 10
336 1401 464 1465 sias
511 1401 858 1486 Bithyniae
899 1423 1015 1464 rex
1073 1402 1352 1464 Romam
1410 1410 1484 1463 ut
1540 1399 1799 1463 senatui
1842 1401 2079 1484 gratias
2122 1413 2341 1486 ageret
2383 1405 2465 1468 ob

336 1503 680 1567 uictoriam
708 1526 790 1566 ex
819 1501 1204 1566 Macedonia
1231 1512 1484 1585 partam
1521 1501 1705 1564 uenit
1734 1512 1798 1564 et
1828 1501 2227 1566 Nicomeden
2255 1503 2467 1568 filium

256 1667 264 1672 .
339 1604 596 1668 senatui
635 1603 1138 1669 commendauit.
1201 1624 1314 1665 rex
1355 1603 1589 1685 plenus
1638 1602 2027 1668 adulationis
2064 1604 2369 1669 libertum
2398 1627 2467 1668 se

340 1706 566 1788 populi
595 1705 878 1770 Romani
907 1705 1180 1768 dicebat.

1073 1941 1202 2004 EX
1244 1941 1422 2003 LIB.
1473 1939 1725 2005 XLVI.

244 2125 308 2174 15
339 2113 662 2174 Eumenes
692 2105 806 2172 rex
836 2111 1116 2172 Romam
1143 2108 1349 2186 uenit,
1386 2109 1498 2191 qui
1528 2091 1949 2174 Macedonico
1977 2109 2149 2173 bello
2176 2109 2467 2173 medium

341 2222 580 2296 egerat.
629 2233 714 2272 ne
744 2220 858 2274 aut
886 2209 1090 2273 hostis
1121 2210 1442 2274 iudicatus
1474 2209 1823 2287 uideretur,
1859 2211 1914 2274 si
1944 2213 2241 2275 exclusus
2272 2222 2461 2287 esset,

343 2324 458 2378 aut
501 2313 810 2376 liberatus
855 2311 1122 2376 crimine
1141 2359 1163 2387 ,
1207 2304 1274 2374 'si
1329 2310 1807 2387 admitteretur,
1864 2313 1934 2375 in
1978 2334 2317 2376 commune
2358 2312 2469 2374 lex

339 2418 474 2481 lata
503 2426 602 2479 est
643 2436 726 2477 ne
771 2414 878 2477 cui
917 2413 1057 2495 regi
1087 2415 1365 2476 Romam
1393 2411 1617 2475 uenire
1644 2411 1888 2477 liceret.
1948 2414 2263 2477 Claudius
2293 2416 2470 2478 Mar-

341 2519 542 2581 cellus
565 2538 693 2580 cos.
721 2515 996 2598 Alpinos
1029 2514 1280 2590 Gallos,
1315 2515 1390 2577 G.
1422 2510 2004 2597 Sulpicius'Gallus
2035 2536 2164 2577 cos·
2192 2514 2469 2598 Ligures

243 2634 310 2683 20
341 2619 620 2702 subegit.
669 2617 868 2701 legati
899 2615 1166 2680 Prusiae
1199 2615 1366 2698 regis
1397 2615 1609 2696 questi
1638 2626 1793 2679 sunt
1822 2617 1903 2679 de
1931 2617 2262 2692 Eumene,
2297 2618 2468 2698 quod

341 2724 504 2784 fines
537 2740 686 2783 suos
727 2718 1178 2802 popularetur,
1226 2718 1656 2800 dixeruntque
1700 2740 1849 2781 eum
1894 2716 2291 2800 conspirasse
2320 2738 2471 2779 cum

341 2821 668 2886 Antiocho
698 2821 1006 2883 aduersus
1035 2819 1350 2902 populum
1381 2821 1773 2883 Romanum.
1824 2820 2093 2883 societas
2116 2841 2266 2882 cum
2288 2819 2471 2881 Rho-

344 2924 470 2987 diis
498 2919 988 3005 deprecantibus
1019 2920 1244 2983 iuncta
1271 2931 1392 2983 est.
1452 2921 1733 2984 lustrum
1764 2942 1803 2982 a
1832 2920 2203 2984 censoribus
2249 2920 2471 2983 condi·-

343 3036 485 3087 tum
515 3033 634 3086 est.
698 3042 890 3084 censa
929 3031 1082 3083 sunt
1123 3020 1368 3083 ciuium
1412 3022 1627 3105 capita
1668 3040 2023 3083 cccxxxvn
2055 3040 2229 3082 ΠΗ.
2292 3019 2471 3101 prin-

244 3140 310 3189 25
341 3146 492 3208 ceps
516 3134 800 3189 ,senatus
845 3124 940 3186 M.
990 3122 1309 3185 Aemilius
1354 3122 1663 3204 Lepidus.
1737 3120 2145 3183 Ptolemaeus
2189 3118 2473 3202 Aegypti

343 3248 458 3291 rex
497 3226 722 3309 pulsus
769 3245 966 3307 regno
1010 3246 1048 3285 a
1091 3223 1336 3286 minore
1391 3223 1587 3285 fratre
1636 3220 1851 3295 missis
1906 3224 1987 3285 ad
2034 3242 2185 3283 eum
2238 3219 2473 3303 legatis
2516 3256 2523 3263 ·

342 3326 681 3420 restitutus
735 3337 853 3389 est.
923 3324 1260 3388 Ariarathe
1304 3323 1749 3408 Cappadociae
1807 3344 1956 3405 rege
2000 3332 2254 3386 mortuo
2294 3321 2473 3384 filius

347 3608 368 3657 1
400 3609 601 3673 gerunt
621 3616 706 3667 Νς
730 3604 748 3673 ΙΙ
773 3605 957 3657 hostes
981 3610 1035 3657 et
1056 3604 1188 3656 socii
1215 3603 1516 3673 transponit
1548 3620 1581 3655 r
1604 3603 1623 3673 u
1651 3606 1680 3655 3
1720 3602 1837 3655 eius
1870 3620 1937 3665 ςν
1961 3602 1979 3672 ΙΙ
2004 3608 2034 3655 5
2064 3618 2312 3673 perseum
2338 3618 2405 3663 ςν
2430 3600 2449 3671 β

343 3690 469 3735 ante
493 3698 711 3735 currum
735 3683 897 3735 duxit
920 3700 985 3745 ςν
1009 3684 1028 3751 ΙΙ
1056 3687 1085 3734 7
1103 3682 1271 3751 patris
1282 3682 1662 3752 triumphumr
1685 3684 1705 3750 ΙΙ
1730 3684 1761 3734 9
1780 3682 2061 3734 conditum
2074 3687 2158 3734 est
2181 3698 2213 3733 a
2238 3680 2475 3733 censori-

339 3758 446 3811 bus
464 3758 564 3826 ςνυ
589 3758 786 3811 frusias
800 3770 851 3812 N
871 3760 889 3829 ss
921 3762 982 3811 10
996 3758 1361 3829 gratularetur
1372 3758 1671 3809 Frobenius
1697 3757 1715 3827 ΙΙ
1745 3760 1807 3809 12
1821 3757 2209 3809 adolationisN
2229 3758 2245 3825 ΙΙ
2279 3759 2337 3807 13
2355 3773 2473 3811 esse

337 3833 554 3886 dicebat
575 3851 606 3885 r
631 3835 648 3904 ΙΙ
681 3838 742 3887 15
769 3835 862 3905 qui
887 3834 1015 3904 quia
1040 3852 1106 3896 §r
1131 3835 1148 3903 ss
1176 3850 1232 3885 Se
1257 3833 1499 3885 medium
1535 3850 1568 3885 r
1592 3834 1610 3902 ΙΙ
1641 3836 1703 3885 16
1740 3833 1991 3885 inimicus
2026 3850 2057 3884 r
2082 3836 2100 3902 fl
2132 3836 2190 3883 17
2234 3848 2475 3885 commu-

341 3928 468 3965 nem
491 3923 553 3975 N,
585 3912 804 3965 comitio
825 3930 896 3982 qr
923 3912 939 3981 ΙΙ
964 3929 1051 3965 res
1074 3922 1159 3973 Νς
1183 3911 1200 3981 ΙΙ
1232 3914 1292 3963 18
1321 3911 1573 3980 cuiquam
1598 3928 1629 3962 r
1654 3911 1672 3980 u
1704 3914 1765 3962 19
1791 3928 1900 3964 cos.
1930 3930 2014 3963 om
2042 3928 2074 3963 r
2099 3912 2116 3981 fl
2144 3916 2209 3964 20
2237 3929 2475 3981 conque-

339 3987 412 4040 sti
436 4005 468 4039 r
491 3987 510 4056 ss
539 3991 602 4039 22
630 4000 864 4041 contrar
889 3988 908 4059 ss
935 3992 1000 4041 22
1019 3988 1270 4041 rhodisN
1291 3988 1308 4057 [Ι
1335 3991 1398 4040 23
1414 3987 1829 4055 deprecantibus
1844 3988 2077 4041 Rhodiis
2093 4006 2158 4051 ςν
2184 3990 2201 4059 ΙΙ
2230 3993 2295 4041 24
2313 4006 2475 4042 censa

340 4083 406 4118 eo
431 4074 562 4119 sunt
586 4084 652 4129 ςν
676 4066 694 4137 [Ι
722 4080 997 4121 cccxxvu
1037 4065 1188 4119 milia
1230 4085 1297 4131 ςν
1322 4068 1342 4137 Ι]
1367 4070 1432 4119 25
1469 4072 1692 4117 senatus
1739 4064 1914 4117 lectus
1950 4083 1981 4117 r
2018 4066 2035 4134 ss
2072 4066 2475 4137 Aegyptiorum

339 4160 434 4195 rex
461 4160 494 4195 a
516 4143 722 4197 minore
747 4145 913 4197 fratre
938 4162 967 4197 e
992 4162 1160 4213 regno
1186 4146 1377 4215 pulsus
1401 4163 1432 4197 r
1458 4146 1475 4214 ss
1503 4149 1565 4197 2ῖ
1596 4144 1653 4196 in
1677 4161 1907 4213 regnum
1932 4145 2219 4199 restitutus
2246 4164 2311 4209 ςν
2336 4147 2354 4215 [Ι

2454 569 2609 593 ...vo-⁶⁴⁶

2655 539 2751 594 ΟΧ

2662 1161 2763 1213 Μ.)
