3052 4823
12 307 15 348 --
12 231 15 274 ..Ᾰ-
12 139 22 226 u———

1091 374 1154 415 T.
1194 373 1336 416 ler
1369 373 1620 416 XLvnn
1642 375 1773 415 —L.
2446 360 2526 418 55

394 527 622 588 datum
666 522 852 606 signo
908 523 1125 592 Persei
1166 523 1333 606 regis
1373 510 1740 606 signatum,
1800 543 1994 604 quem
2050 523 2172 586 sibi
2224 527 2523 601 traderet,

395 648 547 689 cum
575 627 661 691 ad
700 627 1011 710 puberem
1055 635 1333 691 aetatem
1373 625 1692 701 uenisset,
1752 625 2333 708 obtestationesque
2376 626 2527 690 ulti·

397 749 536 790 mas
580 727 862 791 adiectas
879 775 901 804 ‚
955 737 1032 790 ut
1073 748 1172 790 res
1216 727 1286 788 in
1330 726 1586 790 occulto
1629 727 1713 790 ad
1755 724 1825 787 id
1854 735 2110 808 tempus
2138 737 2523 790 seruaretur.

397 828 775 911 pubescenti
797 828 1093 890 libellum
1123 827 1436 891 traditum
1453 876 1472 904 ,
1519 827 1591 891 in
1638 849 1765 910 quo
1794 826 2001 889 relicti
2031 817 2152 890 sibi
2185 831 2312 891 duo
2344 829 2529 891 then·-

331 943 368 991 5
399 930 572 994 sauri
601 952 641 992 a
668 939 850 1012 patre
881 929 1266 992 dicerentur.
1333 940 1474 992 tum
1519 928 1747 992 scienti
1776 926 2114 992 mulierem
2144 952 2281 993 sese
2313 929 2529 993 subdi-

403 1041 543 1095 tum
574 1052 734 1107 esse,
769 1053 990 1094 ueram
1020 1031 1284 1114 stirpem
1313 1031 1641 1115 ignoranti
1671 1031 1946 1094 edidisse
1973 1055 2180 1115 genus
2199 1042 2390 1114 atque
2422 1033 2531 1094 ob-

403 1143 744 1208 testatam‚
776 1143 850 1196 ut
880 1123 1058 1215 prius
1089 1155 1284 1216 quam
1314 1143 1606 1196 manaret
1636 1134 1717 1196 ad
1746 1133 2085 1197 Eumenen
2115 1156 2240 1211 res,
2297 1136 2533 1197 Perseo

400 1233 741 1296 inimicum
759 1282 778 1309 ,
823 1237 1158 1299 excederet
1187 1234 1278 1298 eis
1308 1235 1500 1311 locis,
1553 1256 1636 1296 ne
1666 1233 2154 1300 interficeretur.
2219 1259 2293 1300 eo
2326 1258 2392 1300 se
2424 1258 2531 1298 ex-

401 1335 700 1398 territum
718 1383 739 1411 ‚
773 1327 966 1399 simul
996 1347 1360 1420 sperantem
1391 1335 1653 1420 aliquod
1684 1357 1721 1397 a
1752 1336 2083 1400 Demetrio
2114 1338 2432 1401 auxilium
2461 1337 2531 1400 in

303 1449 370 1498 ιο
401 1435 658 1518 Syriam
698 1459 766 1500 se
813 1437 1162 1502 contulisse
1217 1448 1412 1522 atque
1453 1437 1547 1500 ibi
1594 1438 1876 1520 primum
1920 1438 2061 1520 quis
2106 1450 2274 1502 esset
2317 1439 2533 1520 palam

400 1559 772 1620 expromere
805 1559 1056 1602 ausum.

1234 1784 1361 1846 EX
1406 1785 1581 1847 LIB.
1633 1785 1710 1847 L.

401 1985 742 2049 Thessalia
762 2035 782 2062 ,
847 2006 999 2048 cum
1043 1995 1108 2048 et
1149 1985 1332 2050 illam
1387 1987 1693 2050 inuadere
1750 1988 1943 2052 armis
1987 1997 2180 2070 atque
2225 2007 2533 2068 occupare

407 2087 998 2171 Pseudophilippus
1041 2087 1242 2150 uellet
1262 2136 1282 2164 ,
1343 2110 1457 2171 per
1497 2089 1743 2172 legatos
1788 2092 2233 2153 Romanorum
2272 2086 2533 2150 auxiliis

307 2201 372 2250 15
402 2189 810 2251 Achaeorum
853 2189 1114 2252 defensa
1157 2199 1274 2252 est.
1351 2191 1612 2254 Prusias
1654 2213 1767 2253 rex
1811 2189 2158 2274 Bithyniae
2176 2238 2196 2266 ,
2244 2189 2535 2252 omnium

411 2287 1049 2373 humillimorumque
1104 2289 1410 2353 uitiorum
1428 2339 1448 2366 ,
1513 2314 1552 2354 a
1593 2292 1947 2357 Nicomede
1990 2291 2125 2352 filio
2184 2289 2535 2352 adiuuante

406 2392 628 2456 Attalo
659 2416 806 2476 rege
838 2391 1138 2477 Pergami
1169 2391 1452 2467 occiSUS,
1502 2391 1783 2455 habebat
1828 2393 2101 2455 alterum
2129 2389 2375 2465 filium,
2423 2389 2537 2473 qui

406 2516 523 2577 pro
575 2494 899 2577 superiore
943 2495 1164 2558 ordine
1208 2492 1504 2555 dentium
1556 2504 1817 2557 enatum
1870 2492 2170 2556 habuisse
2220 2512 2426 2554 unum
2467 2512 2536 2553 os

409 2594 746 2658 continens
781 2594 1038 2658 dicitur.
1091 2616 1240 2659 cum
1281 2596 1644 2678 111'legatos
1676 2598 1758 2658 ad
1787 2615 2011 2677 pacem
2038 2593 2207 2655 inter
2236 2592 2536 2656 Nicome-

308 2708 376 2757 20
407 2698 534 2758 den
549 2706 612 2758 et
628 2696 928 2760 Prusiam
956 2696 1324 2761 faciendam.
1349 2700 1431 2761 ad
1453 2698 1783 2760 Romanos
1807 2695 2158 2771 misissent,
2194 2717 2344 2756 cum
2366 2714 2537 2756 unus

407 2807 490 2859 'ex
523 2796 625 2860 his
657 2808 851 2881 caput
879 2798 1104 2863 multis
1137 2800 1543 2863 cicatricibus
1574 2808 1820 2863 sartum
1860 2798 2159 2874 haberet,
2226 2798 2388 2859 alter
2430 2816 2539 2878 pe-

409 2896 598 2961 dibus
629 2920 818 2982 aeger
855 2910 1025 2963 esset
1042 2950 1062 2977 ,
1113 2899 1340 2963 tertius
1381 2899 1645 2983 ingenio
1691 2922 1899 2963 socors
1942 2900 2323 2975 haberetur,
2374 2897 2539 2960 (lixit

408 3000 572 3062 Cato
603 3021 746 3063 cam
767 3001 1264 3085 inlegationem,
1284 3024 1403 3065 nec
1416 3012 1611 3085 caput
1627 3024 1745 3065 nec
1773 3002 1965 3084 pedes
1995 3023 2113 3064 nec
2143 3023 2251 3063 cor
2277 3000 2534 3062 habere.

409 3100 481 3162 in
513 3101 720 3184 Syria,
756 3125 920 3185 quae
951 3126 1026 3167 eo
1070 3113 1353 3187 tempore
1384 3103 1581 3187 stirpe
1624 3102 1875 3185 generis
1907 3123 2125 3185 parem
2163 3100 2298 3183 regi
2329 3100 2542 3161 Mace-

411 3420 446 3468 3
471 3424 734 3485 occupato
758 3430 844 3481 Νς
867 3418 888 3489 l}
912 3422 944 3471 4
969 3420 1187 3473 tradum
1209 3431 1273 3484 N,
1302 3418 1532 3472 tradidit
1554 3436 1586 3471 r
1611 3418 1629 3488 ΙΙ
1657 3422 1687 3470 5
1727 3418 1920 3471 scienti
1953 3417 2167 3471 mulieri
2208 3432 2325 3471 sese
2360 3414 2545 3468 subdi-

412 3500 529 3544 tum
553 3510 670 3546 esse
693 3506 792 3559 Νς,
822 3496 1081 3549 scientem
1103 3496 1385 3549 mulierem
1411 3497 1692 3551 subditum
1717 3514 1774 3550 se
1799 3514 1916 3551 esse
1951 3514 1983 3549 r
2008 3498 2025 3567 [1
2053 3502 2083 3551 6
2108 3494 2410 3567 ignorantis
2432 3504 2483 3545 N
2504 3492 2523 3560 ΙΙ

411 3569 681 3623 obtentam
705 3584 757 3624 N
777 3574 794 3642 ss
824 3577 852 3625 7
880 3574 950 3626 ad
973 3575 1276 3627 Eumenem
1300 3582 1546 3628 manaret
1579 3591 1611 3626 r
1636 3574 1655 3644 Ι]
1679 3591 1902 3643 persaeo
1926 3586 2002 3639 N,
2049 3576 2168 3645 regi
2192 3590 2381 3644 perseo
2409 3590 2444 3633 ς
2468 3570 2487 3639 ss
2516 3574 2545 3621 8

411 3664 509 3700 eos
531 3661 583 3700 N
603 3650 622 3719 ss
648 3653 680 3701 9
721 3645 1044 3705 auxilium'a
1079 3652 1342 3705 demetrio
1381 3670 1446 3715 ςν
1471 3652 1490 3723 ss
1521 3656 1584 3705 10
1624 3670 1657 3705 a
1691 3653 1836 3722 syria
1869 3670 1926 3705 se
1966 3653 2287 3705 contulisset
2309 3663 2360 3702 N
2380 3650 2398 3719 ΙΙ
2425 3650 2547 3718 quis

411 3726 528 3795 ipse
566 3728 786 3781 omnino
826 3736 969 3783 esset
1015 3748 1046 3782 r
1071 3730 1088 3801 ss
1120 3733 1180 3782 13
1231 3730 1384 3782 illum
1429 3744 1482 3783 N
1502 3732 1520 3800 ΙΙ
1552 3734 1614 3783 14
1660 3749 1715 3801 p.
1766 3730 2193 3801 pseudofilippus
2240 3729 2393 3781 uelut
2433 3738 2484 3777 N
2504 3729 2522 3795 ΙΙ

413 3822 759 3859 romanorum
806 3809 1020 3878 legatos
1065 3826 1130 3871 ςν
1155 3810 1172 3879 ΙΙ
1206 3812 1268 3861 16
1303 3808 1733 3862 humillimorum
1771 3808 1950 3861 fautor
1974 3814 2139 3876 atque
2163 3806 2424 3858 uitiorum
2448 3822 2479 3855 r
2506 3804 2525 3872 ΙΙ

421 3885 482 3933 17
509 3883 720 3936 occisus
745 3892 828 3937 est
854 3902 920 3947 ςν
945 3885 962 3955 ΙΙ
994 3888 1056 3937 19
1081 3902 1204 3937 cum
1228 3890 1338 3937 tres
1362 3884 1573 3955 legatos
1601 3901 1655 3948 ςε
1682 3902 1805 3938 cum
1829 3886 1888 3937 in
1912 3885 2121 3953 legatos
2144 3896 2243 3947 Νς,
2274 3899 2398 3937 cum
2422 3882 2550 3935 inde

413 3958 630 4027 legatus
647 3976 746 4029 93⁹,
776 3977 900 4012 cum
925 3959 1132 4030 legatos
1158 3979 1190 4013 r
1215 3961 1232 4030 ΙΙ
1259 3965 1325 4013 20
1351 3962 1589 4014 Romani
1611 3980 1643 4014 r
1667 3962 1685 4031 ss
1710 3961 1863 4015 missi
1881 3968 2063 4013 essent
2084 3972 2167 4020 Νς
2192 3960 2209 4029 ΙΙ
2238 3961 2297 4011 21
2330 3964 2386 4011 et
2408 3976 2549 4012 unus

417 4053 486 4097 ςν
509 4040 526 4105 ΙΙ
553 4046 757 4089 sartum
781 4037 1009 4107 scripsi.-
1047 4056 1255 4093 sarsum
1277 4051 1376 4103 Νς,
1408 4038 1611 4091 farsum
1638 4056 1673 4100 ς
1689 4076 1703 4101 ,
1744 4055 1989 4107 sparsum
2016 4055 2083 4099 ςν
2108 4038 2125 4107 li
2154 4041 2217 4089 22
2245 4054 2423 4090 secors
2450 4054 2488 4099 ς
2510 4038 2527 4107 [Ι

413 4116 482 4166 23
506 4113 568 4167 in
592 4133 676 4167 om
703 4133 770 4177 ςν
795 4115 814 4184 ΙΙ
841 4119 904 4168 24
932 4133 998 4169 ex
1024 4117 1190 4187 stirpe
1223 4135 1256 4169 r
1281 4120 1300 4187 ΙΙ
1325 4134 1506 4186 parem
1536 4135 1603 4178 ς.·
1653 4132 1839 4185 pacem
1862 4126 1973 4179 Νς,
2003 4114 2179 4185 persei
2197 4132 2271 4183 ,σν
2295 4114 2314 4185 ΙΙ
2339 4115 2457 4184 regi
2483 4134 2549 4177 ς.·

411 4191 560 4262 regis
583 4203 699 4254 Ngr
719 4191 742 4261 ss
