3052 4823
519 367 540 424 1
557 365 596 426 Ο
1387 385 1770 428 PERIOCHAE

511 535 753 596 factum
784 531 1125 597 conciliata
1153 533 1276 596 sibi
1305 534 1492 617 plebe
1523 555 1794 617 regnum
1824 533 2153 596 adfectans
2186 554 2224 594 a
2253 534 2329 597 C.
2362 534 2640 598 Seruilio

510 636 726 698 Ahala
754 635 1060 718 magistro
1091 635 1385 719 equitum
1421 636 1606 699 iussu
1636 635 1871 704 Quinti
1901 634 2276 699 Cincinnati
2308 635 2641 700 dictatoris

511 737 756 800 occisus
787 748 884 800 est
900 762 918 813 3
967 739 1044 802 L.
1095 738 1427 801 Minucius
1470 738 1668 801 index
1711 739 1878 801 boue
1922 747 2147 801 aurata
2190 739 2469 800 donatus
2512 750 2631 800 est.

511 839 740 923 legatis
790 839 1104 903 Romanis
1149 862 1189 903 a
1228 839 1651 903 Fidenatibus
1697 839 1919 904 occisis
1941 889 1963 916 ,
2026 839 2334 922 quoniam
2379 841 2462 904 ob
2504 861 2639 902 rem

510 941 839 1024 publicam
867 943 1324 1019 occubuerant,
1363 952 1612 1006 statuae
1643 942 1713 1004 in
1736 942 1957 1005 rostris
1986 942 2233 1025 positae
2256 951 2432 1005 sunt.
2484 943 2641 1005 Cos·
2673 955 2703 1002 5

511 1067 620 1108 sus
673 1043 1011 1107 Cornelius
1053 1043 1352 1107 tribunus
1404 1045 1691 1108 militum
1745 1044 1951 1107 occiso
2004 1043 2351 1108 Tolumnio
2403 1043 2638 1107 Veien—

513 1157 654 1209 tum
694 1167 843 1229 rege
902 1145 1116 1228 opima
1158 1146 1364 1231 spolia
1419 1149 1704 1210 secunda
1745 1147 1990 1210 retulit.
2069 1148 2274 1208 Mam.
2321 1144 2639 1208 Aemilius

512 1249 786 1311 dictator
815 1269 1120 1320 censurae
1165 1249 1474 1311 honorem
1494 1297 1513 1325 ,
1576 1248 1688 1331 qui
1734 1260 1925 1312 antea
1964 1269 2077 1332 per
2122 1247 2640 1331 quinquennium

510 1351 850 1434 gerebatur
867 1399 888 1426 ‚
939 1349 1096 1412 anni
1125 1361 1191 1413 et
1221 1373 1336 1414 sex
1364 1351 1689 1414 mensium
1719 1351 1927 1433 spatio
1954 1351 2135 1414 finiit
2150 1375 2169 1425 ;
2220 1352 2301 1413 ob
2335 1371 2477 1412 eam
2506 1369 2641 1413 rem

511 1473 550 1515 a
579 1451 946 1516 censoribus
990 1462 1250 1516 notatus
1293 1464 1410 1516 est.
1476 1453 1760 1516 Fidenae
1802 1453 1874 1515 in
1918 1463 2305 1537 potestatem
2348 1454 2639 1515 redactae
2676 1464 2739 1513 10

510 1576 711 1637 eoque
741 1553 954 1617 coloni
982 1554 1162 1618 missi
1192 1567 1366 1618 sunt.
1418 1556 1653 1639 quibus
1698 1555 1921 1619 occ-isis
1966 1555 2309 1620 Fidenates
2352 1575 2503 1616 cum
2532 1554 2639 1616 de-

509 1657 812 1720 fecissent
833 1704 853 1732 ,
889 1655 971 1718 ab
1000 1658 1204 1720 Mam.
1239 1657 1519 1722 Aemilio
1550 1659 1859 1722 dictatore
1889 1657 2049 1720 uicti
2078 1669 2231 1720 sunt
2262 1666 2327 1719 et
2357 1651 2641 1719 Fidenae

511 1769 758 1842 captae.
808 1757 1165 1822 coniuratio
1195 1779 1526 1824 seruorum
1558 1781 1881 1844 oppressa.
1934 1757 2309 1823 Postumius
2342 1757 2639 1839 tribunus

509 1859 793 1923 militum
823 1869 1080 1942 propter
1111 1862 1559 1925 crudelitatem
1600 1863 1680 1924 ab
1723 1861 2011 1924 exercitu
2052 1860 2299 1924 occisus
2342 1869 2461 1923 est.
2526 1858 2639 1922 sti-

510 1961 821 2045 pendium
854 1983 936 2023 ex
966 1963 1206 2026 aerario
1237 1973 1378 2026 tum
1407 1963 1693 2047 primum
1736 1962 2055 2026 militibus
2085 1964 2313 2025 datum
2342 1972 2461 2026 est.
2539 1983 2641 2026 res
2674 1974 2739 2023 15

513 2072 841 2147 praeterea
882 2074 1096 2148 gestas
1150 2067 1460 2130 aduersus
1501 2067 1776 2131 Vulscos
1820 2075 1884 2128 et
1927 2065 2269 2129 Fidenates
2324 2073 2389 2128 et
2434 2065 2638 2129 Falis-

511 2189 617 2230 cos
661 2166 972 2230 continet.

1332 2403 1462 2468 EX
1506 2405 1681 2468 LIB.
1733 2404 1816 2469 V.

512 2591 594 2651 In
627 2588 956 2652 obsidione
987 2590 1295 2655 Veiorum
1323 2592 1743 2655 hibernacula
1770 2591 2087 2655 militibus
2129 2591 2299 2653 facta
2342 2599 2516 2653 sunt.
2566 2610 2640 2653 ea

510 2712 610 2753 res
642 2710 791 2752 cum
820 2703 987 2752 esset
1017 2713 1227 2767 noua,
1277 2693 1793 2775 indignationem
1836 2693 2243 2755 tribunorum
2271 2690 2478 2777 plebis
2507 2712 2639 2754 mo·
2672 2702 2739 2752 20
2826 2732 2840 2741 ·

510 2791 609 2853 uit
668 2791 1075 2873 querentium
1132 2813 1266 2853 non
1321 2794 1459 2856 dari
1495 2792 1674 2877 plebi
1716 2815 1835 2856 nec
1890 2814 2004 2875 per
2046 2793 2327 2856 hiemem
2370 2793 2640 2855 militiae
2750 2879 2759 2885 ἱ
2847 2778 2857 2787 ’

511 2891 819 2974 requiem.
869 2890 1115 2974 equites
1147 2903 1291 2955 tum
1319 2895 1602 2976 primum
1634 2896 1815 2978 equis
1846 2895 1979 2973 suis
1994 2915 2235 2959 merere
2265 2904 2631 2978 coeperunt.

511 3012 658 3054 cum
690 2991 1030 3082 inundatio
1061 3016 1142 3057 ex
1169 2995 1317 3060 lacu
1345 2997 1601 3061 Albano
1632 2998 1803 3061 facta
1846 3008 2051 3074 esset,
2112 3007 2295 3060 uates
2344 2998 2457 3082 qui
2498 3016 2641 3060 eam

509 3114 644 3157 rem
673 3094 1196 3179 interpretaretur
1225 3121 1307 3163 ex
1334 3098 1629 3163 hostibus
1674 3110 1900 3185 captus
1944 3111 2093 3164 est«
2126 3100 2359 3163 Furius
2403 3099 2639 3164 Camil-

511 3198 613 3261 lus
646 3198 918 3261 dictator
948 3201 1169 3263 decem
1200 3222 1402 3266 annos
1434 3204 1721 3267 obsessos
1751 3203 1945 3268 Veios
1976 3202 2183 3285 cepit,
2225 3202 2639 3265 simulacrum
2673 3212 2738 3263 25

513 3299 790 3363 Iunonis
847 3302 1127 3364 Romam
1185 3304 1520 3367 transtulit
1550 3351 1569 3379 ,
1644 3303 1960 3369 decimam
2017 3305 2291 3387 praedae
2350 3302 2639 3384 Delphos

511 3400 804 3482 Apollini
834 3401 1034 3465 misit.
1085 3404 1258 3467 idem
1304 3406 1606 3471 tribunus
1649 3407 1932 3470 militum
1974 3426 2125 3468 cum
2153 3403 2437 3467 Faliscos
2467 3402 2635 3466 obsi-

517 3670 539 3718 1
571 3667 841 3719 concitata
861 3680 945 3731 Νς
969 3669 986 3738 ΙΙ
1013 3687 1082 3722 ex
1109 3670 1342 3724 Seruilio
1367 3679 1423 3725 et
1459 3661 1638 3726 Ahala
1660 3671 1931 3743 magistris
1955 3682 2003 3723 N
2026 3670 2043 3739 ss
2072 3674 2101 3723 2
2128 3670 2252 3723 hala
2279 3688 2344 3733 ςν
2368 3672 2387 3742 [j
2415 3676 2445 3725 3
2470 3678 2513 3723 t.
2541 3671 2641 3723 mi-

511 3744 698 3798 nutius
720 3756 836 3806 Νςν
861 3745 878 3815 ῃ
905 3746 1109 3800 uindex
1134 3760 1218 3810 Νς
1241 3750 1258 3817 t}
1287 3753 1316 3801 5
1352 3751 1525 3804 moi-te
1552 3751 1914 3805 occubuerant
1939 3767 2006 3810 ςν
2030 3749 2048 3818 ss
2075 3752 2107 3801 6
2132 3748 2417 3802 Cornelius
2443 3750 2643 3803 Cossus

511 3842 542 3876 r
568 3823 585 3893 Η
611 3824 902 3877 Volumnio
929 3841 1056 3894 rege
1080 3825 1390 3879 Veientium
1423 3845 1454 3879 r
1479 3827 1498 3897 Η
1528 3834 1555 3879 7
1582 3846 1655 3880 m.
1683 3827 1929 3881 aemilius
1969 3836 2083 3888 Νςν
2100 3827 2133 3894 Η
2154 3828 2183 3878 8
2221 3826 2484 3880 honorem
2519 3840 2600 3895 Ny
2623 3847 2641 3878 .-

512 3905 718 3958 honore
759 3922 824 3968 ςν
849 3905 868 3976 ss
893 3907 925 3958 9
951 3904 1092 3958 finiit
1111 3923 1149 3974 9
1165 3926 1183 3957 :
1223 3906 1378 3959 finito
1400 3916 1515 3968 Νςν
1542 3906 1559 3976 11
1591 3909 1652 3957 10
1678 3912 1948 3975 potestate
1971 3916 2023 3957 N
2042 3904 2060 3975 [Ι
2092 3908 2150 3956 11
2181 3920 2352 3975 eaque
2379 3918 2431 3959 Ν
2451 3907 2468 3976 ΙΙ
2496 3905 2641 3959 defe-

511 3980 711 4035 cissent
735 4000 767 4034 a
789 3980 993 4051 populo
1017 3981 1124 4047 Ro„
1152 3998 1184 4033 r
1209 3981 1228 4051 ss
1259 3984 1318 4034 12
1343 3998 1417 4033 m.
1445 3980 1663 4035 aemilio
1699 3992 1813 4045 Νςν
1838 3983 1857 4053 ss
1888 3986 1951 4038 16
1986 3984 2197 4038 labscos
2218 3996 2303 4048 Νς
2328 3983 2347 4054 ΙΙ
2378 3988 2441 4037 19
2466 3984 2644 4037 hiber-

512 4058 706 4111 nacula
738 4060 1068 4112 Vasoosanus
1085 4081 1103 4111 .-
1139 4060 1489 4113 tabernacula
1509 4070 1625 4121 Νςν
1650 4059 1667 4130 ΙΙ
1695 4064 1760 4113 22
1796 4062 1991 4115 mereri
2027 4065 2115 4125 Νς
2136 4063 2155 4132 ΙΙ
2182 4066 2249 4114 24
2286 4061 2356 4115 ab
2392 4060 2641 4115 hostibus

512 4152 596 4265 ἒξ,
628 4136 693 4188 de
719 4136 970 4283 hosti'bus
995 4156 1030 4200 ς
1054 4139 1071 4209 ΙΙ
1100 4141 1166 4193 26
1190 4139 1422 4193 Iunonis
1443 4156 1529 4191 om
1551 4146 1630 4190 Nr
1646 4140 1679 4205 ΙΙ
1696 4154 1879 4191 romae
1902 4151 1954 4192 Ν
1972 4139 1992 4211 ΙΙ
2018 4140 2281 4194 decimam
2305 4146 2512 4210 partem
2533 4156 2599 4202 ςν
2624 4139 2643 4208 n

515 4226 526 4237 ·
603 4214 732 4267 item
755 4227 839 4276 Νς
865 4274 870 4283 .
1439 4252 1482 4277 0,
1570 4279 1576 4286 .
2178 4219 2191 4229 “

3020 2926 3045 3002 -Q
