3052 4823
1050 355 1116 396 Τ.
1153 355 1296 398 LIVI
1329 352 1954 396 xxxl111—xxxv11.
2484 330 2564 392 39

425 505 610 568 inter·
628 515 840 568 cetera
869 503 1164 588 prodigia
1179 552 1200 580 ,
1261 523 1424 585 quae
1467 501 1750 586 plurima
1787 500 1987 564 fuisse
2016 503 2363 564 traduntur
2378 547 2399 576 ,
2456 500 2564 562 bo-

427 629 580 671 uem
609 607 732 670 Cn.
769 604 1046 668 Domitii
1087 627 1216 668 cos.
1252 605 1539 669 locutam
1581 597 1601 624 ‘
1621 605 1831 666 Roma
1872 624 2029 666 caue
2068 593 2225 666 tibi'
2268 602 2561 664 refertur.

429 707 636 774 Nabis
666 705 1328 771 Lacedaemoniorum
1357 715 1673 789 tyrannus
1702 703 2011 768 incitatus
2044 705 2123 768 ab
2152 702 2424 780 Aetolis,
2454 703 2567 784 qui

429 821 495 874 et
527 809 912 894 Philippum
945 818 1022 871 'et
1049 808 1449 872 Antiochum
1494 810 1577 871 ad
1617 807 2027 874 inferendum
2052 806 2297 869 bellum
2326 805 2566 888 populo

361 927 394 975 5
427 915 725 976 Romano
769 911 1204 975 sollicitabant
1221 959 1242 987 ‚
1285 933 1437 974 cum
1487 933 1526 972 a
1567 909 1811 993 populo
1854 911 2152 971 Romano
2192 906 2567 970 desciuisset

428 1016 600 1078 bello
642 1015 950 1077 aduersus
981 1012 1533 1095 Philopoemenen
1563 1011 1971 1074 Achaeorum
1998 1019 2357 1092 praetorem
2385 1021 2567 1092 gesto

429 1117 512 1180 ab
542 1115 790 1180 Aetolis
821 1115 1197 1178 interfectus
1229 1124 1348 1177 est.
1397 1113 1617 1177 Aetoli
1641 1134 1894 1196 quoque
1920 1113 2000 1175 ab
2018 1110 2303 1175 amicitia
2344 1111 2569 1194 populi

427 1217 715 1284 Romani
739 1217 1129 1280 defecerunt.
1167 1237 1313 1278 cum
1339 1215 1645 1280 societate
1667 1215 1936 1278 *iuncta
1962 1213 2321 1276 Antiochus
2347 1212 2569 1296 Syriae

433 1341 546 1383 rex
574 1320 817 1383 bellum
849 1317 1160 1382 Graeciae
1189 1317 1516 1381 intulisset
1534 1365 1554 1393 ‚
1588 1317 1948 1400 complures
1978 1316 2166 1378 urbes
2198 1314 2563 1406 occupauit,

335 1434 403 1484 10
432 1421 603 1484 inter
631 1443 790 1505 quas
821 1420 1200 1484 Chalcidem
1231 1430 1295 1484 et
1335 1430 1540 1482 totam
1580 1420 1932 1482 Euboeam.
1997 1439 2096 1484 res
2139 1426 2468 1500 praeterea
2496 1415 2567 1478 in

434 1522 784 1606 Liguribus
811 1534 1028 1607 gestas
1058 1532 1121 1585 et
1153 1524 1532 1604 adparatum
1560 1521 1716 1583 belli
1743 1521 1823 1583 ab
1852 1518 2177 1583 Antiocho
2198 1517 2518 1618 continet.
2645 1525 2726 1588 {s

1127 1757 1255 1819 EX
1303 1756 1477 1818 LIB.
1530 1755 1869 1819 XXXVI.

436 1924 684 1988 Acilius
715 1925 986 1989 Glabrio
1017 1947 1146 1988 cOS.
1182 1925 1583 1989 Antiochum
1627 1925 1709 1986 ad
1753 1905 2216 2007 Thermopylas
2260 1922 2567 2008 Philippo

435 2046 586 2108 rege
617 2025 968 2090 adiuuante
1012 2026 1264 2091 uictum
1309 2027 1585 2090 Graecia
1629 2025 1881 2110 expulit
1901 2074 1921 2102 ‚
1965 2024 2264 2109 idemque
2305 2026 2567 2089 Aetolos

338 2140 403 2188 15
435 2126 712 2208 subegit.
791 2130 867 2192 P.
919 2129 1260 2217 Cornelius
1304 2129 1520 2212 Scipio
1574 2128 1815 2191 Nasica
1874 2149 2003 2191 cos,
2069 2129 2294 2191 aedem
2344 2128 2567 2192 matris

437 2231 631 2292 deum
647 2277 664 2304 ‚
714 2251 908 2312 quam
949 2229 1086 2313 ipse
1130 2230 1197 2294 in
1246 2231 1576 2294 Palatium
1618 2229 1927 2292 intulerat
1960 2229 2061 2292 uir
2091 2229 2373 2312 optimus
2405 2252 2443 2292 a
2472 2251 2567 2293 se-

436 2343 600 2396 natu
654 2330 976 2396 iudicatus
994 2379 1014 2408 ,
1077 2331 1423 2395 dedicauit.
1501 2331 1801 2414 idemque
1852 2331 2046 2394 Boios
2090 2332 2317 2394 Gallos·
2360 2330 2567 2395 uictos

437 2435 508 2497 in
537 2434 930 2498 deditionem
961 2434 1228 2517 accepit,
1263 2444 1327 2496 et
1357 2435 1435 2496 de
1465 2433 1567 2496 his
1600 2432 2053 2515 triumphauit.
2100 2442 2427 2516 praeterea
2455 2454 2568 2495 na-

441 2536 618 2599 ualia
648 2536 1002 2599 certamina
1027 2557 1330 2619 prospera
1372 2536 1680 2597 aduersus
1720 2534 2072 2619 praefectos
2114 2532 2425 2597 Antiochi
2472 2556 2567 2596 re-

340 2650 409 2699 20
438 2638 538 2722 gis
569 2638 956 2702 referuntur.

2704 2603 2751 2667 7.

1119 2876 1248 2938 EX
1292 2877 1466 2939 LIB.
1515 2876 1895 2942 XXXVII.

443 3048 519 3108 L.
567 3043 908 3113 Cornelius
949 3043 1167 3127 Scipio
1212 3066 1342 3107 cos.
1392 3046 1605 3127 legato
1664 3046 1964 3129 Scipione
2010 3046 2317 3109 Africano
2374 3046 2569 3108 fratre

442 3182 526 3195 —
552 3146 668 3230 qui
697 3168 765 3209 se
808 3147 1095 3229 legatum
1134 3146 1346 3209 fratris
1392 3148 1686 3211 futurum
1734 3148 1984 3211 dixerat
1997 3196 2019 3225 ,
2077 3147 2133 3211 si
2184 3146 2244 3211 ei
2296 3145 2571 3209 Graecia

439 3247 778 3332 prouincia
819 3249 1260 3311 decerneretur
1274 3296 1294 3324 ,
1357 3271 1505 3311 cum
1551 3251 1627 3313 C.
1683 3248 1904 3312 Laelio
1920 3298 1939 3325 ,
2001 3248 2114 3332 qui
2158 3248 2440 3311 multum
2500 3246 2571 3309 in

341 3363 409 3413 25
443 3359 674 3413 senatu
725 3358 1010 3431 poterat,
1071 3371 1147 3411 ea
1197 3350 1529 3432 prouincia
1572 3351 1708 3415 dari
1752 3350 2079 3414 uideretur
2124 3385 2200 3397 --
2246 3348 2570 3435 profectus

443 3454 524 3515 ad
552 3451 798 3513 bellum
827 3453 1157 3515 aduersus·
1179 3452 1577 3516 Antiochum
1616 3474 1833 3537 regem
1868 3454 2259 3537 gerendum,
2321 3452 2569 3537 primus

448 3717 468 3766 1
501 3715 708 3767 interea
731 3712 983 3783 prodigia
1008 3730 1075 3775 ςν
1099 3713 1118 3783 ΙΙ
1145 3716 1174 3765 2
1200 3714 1446 3768 Domitio
1471 3717 1693 3769 consule
1716 3733 1748 3767 r
1773 3716 1791 3785 ss
1816 3715 2061 3770 locutum
2088 3735 2155 3779 3⁹·
2179 3718 2197 3787 ΙΙ
2224 3721 2254 3771 3
2278 3716 2434 3770 nauis
2458 3728 2509 3767 Ν
2531 3716 2549 3785 ss

443 3791 656 3844 aetoliis
694 3803 746 3843 N
764 3791 783 3861 ss
811 3794 841 3842 5
869 3789 1198 3843 sollicitabat
1219 3802 1303 3853 Νς
1327 3792 1344 3861 ΙΙ
1371 3809 1495 3845 cum
1520 3793 1706 3845 addidi
1713 3814 1733 3844 .·
1770 3811 1855 3846 om
1887 3806 2003 3857 Νςν
2028 3794 2045 3863 ΙΙ
2072 3794 2393 3847 desciuisset
2425 3791 2573 3845 bello

443 3876 667 3945 scripsi.-
706 3874 1000 3928 desciuisse
1025 3881 1082 3927 ct
1103 3871 1308 3928 bellfim
1331 3888 1403 3940 N,
1447 3877 1709 3931 desinisse
1746 3878 1980 3932 traditur
2018 3885 2073 3931 et
2110 3878 2256 3931 bello
2288 3895 2326 3947 9
2352 3876 2371 3947 11
2399 3880 2431 3929 6
2454 3876 2575 3947 phi-

443 3956 817 4026 lopoemenem
845 3972 918 4017 ’ςν
944 3955 961 4025 11
1001 3960 1029 4008 7
1069 3953 1262 4008 aetolis
1297 3960 1353 4006 et
1388 3953 1703 4007 alexameno
1739 3972 1774 4017 ς
1800 3956 1816 4025 ΙΙ
1846 3959 1875 4009 8
1914 3973 2037 4008 cum
2082 3955 2277 4025 quibus
2317 3954 2576 4009 societate

442 4051 513 4101 qr
536 4033 555 4103 ΙΙ
582 4036 614 4085 9
638 4050 735 4086 rex
775 4049 898 4085 cum
932 4049 1002 4100 qr
1030 4034 1048 4103 ss
1081 4036 1141 4086 10
1177 4032 1475 4085 calchidem
1510 4044 1586 4096 N,
1640 4034 1941 4086 colchidem
1974 4036 2060 4104 911
2091 4038 2151 4087 13
2196 4032 2402 4087 attilius
2442 4030 2552 4102 ςνΙΙ

446 4112 592 4181 apud
617 4130 648 4163 r
673 4112 691 4181 ss
723 4115 782 4164 17
811 4112 1117 4181 itemqueN
1138 4111 1155 4181 ΙΙ
1183 4117 1239 4163 et
1273 4109 1446 4181 gallos
1483 4126 1551 4173 ςν
1576 4110 1593 4180 [Ι
1624 4112 1686 4162 18
1713 4110 1779 4164 iis
1808 4128 1875 4173 ςν
1899 4112 1917 4181 ΙΙ
1947 4115 2011 4164 22
2034 4112 2100 4166 P.
2133 4112 2384 4182 Scipione
2407 4128 2440 4163 r
2465 4112 2483 4183 ss
2510 4112 2577 4165 23

451 4188 679 4241 Graecia
703 4195 760 4243 et
781 4188 918 4241 Asia
939 4205 971 4239 r
997 4187 1014 4257 ΙΙ
1043 4191 1109 4241 26
1133 4205 1312 4259 regem
1341 4206 1425 4241 om
1450 4206 1481 4241 r
1506 4189 1524 4259 ss
1552 4188 1850 4258 gerendum
1874 4189 1933 4243 in
1957 4188 2142 4244 Asiam
2167 4191 2373 4262 primus
2409 4208 2441 4244 r
2466 4190 2485 4261 ss
