3052 4823
517 303 636 364 124
1243 323 1413 366 1v1.11
1446 323 1896 372 OBSEQVEXTIS

351 471 430 524 40
514 472 740 555 Sergio
769 472 983 535 Galba
1013 471 1108 534 M.
1148 470 1390 534 Scauro
1418 493 1582 536 coss.
1630 472 1775 534 auis
1816 471 2215 534 incendiaria
2258 484 2325 534 et
2364 474 2541 536 bubo
2570 473 2641 536 in

297 548 475 634 [¹0⁰]
511 577 668 638 urbe
699 574 902 637 uisae.
949 573 1022 634 in
1049 572 1374 636 laotomiis
1403 573 1597 636 homo
1628 575 1709 635 ab
1738 573 2003 635 homine
2024 575 2277 636 adesus.
2314 596 2397 635 ex
2428 574 2639 657 Sibyl-

508 675 662 738 linis
694 674 764 737 in
793 676 1009 738 insula
1051 673 1324 737 Cimolia
1370 673 1805 736 sacrificatum
1848 696 1961 756 per
2005 675 2275 758 triginta
2316 675 2635 758 ingenuos

507 777 813 859 pan-imos
844 787 910 838 et
937 775 1270 838 matrimos
1303 775 1698 858 totidemque
1728 775 2037 858 uirgines.
2072 777 2280 839 multa
2310 777 2495 839 milia
2522 778 2636 840 ho-

507 878 762 940 minum
790 877 1259 940 intumescente
1287 879 1468 940 Pado
1497 887 1563 938 et
1606 875 1837 958 stagno
1878 878 2183 941 Arretino
2226 880 2477 940 obruta.
2540 879 2639 942 bis
2672 893 2705 941 5

507 980 672 1042 lacte
701 979 890 1063 pluit.
929 978 1210 1041 Nursiae
1239 977 1484 1061 gemini
1507 999 1590 1039 ex
1610 977 1881 1040 muliere
1909 979 2197 1061 ingenua
2222 979 2387 1054 nati,
2420 980 2641 1062 puella

505 1079 772 1162 integris
805 1080 1102 1143 omnibus
1132 1080 1433 1143 membris
1454 1130 1474 1156 ,
1526 1102 1687 1163 puer
1718 1103 1756 1142 a
1784 1091 1963 1163 parte
1994 1081 2203 1163 priore
2234 1081 2383 1143 aluo
2414 1093 2633 1163 aperto

505 1181 600 1244 ita
643 1193 714 1244 ut
769 1184 1016 1246 nudum
1077 1181 1462 1245 intestinum
1507 1182 2017 1264 conspiceretur,
2078 1183 2249 1245 idem
2287 1182 2636 1264 posteriore

505 1294 738 1345 natura
769 1283 1010 1346 solidus
1041 1294 1234 1346 natus
1253 1331 1274 1359 ,
1323 1282 1434 1366 qui
1466 1305 1625 1346 uoce
1654 1284 1851 1347 missa
1880 1284 2223 1367 expirauit.
2273 1294 2495 1346 contra
2526 1285 2635 1346 Iu-

506 1386 810 1468 gurtham
839 1407 1136 1468 prospere
1167 1384 1566 1447 dimicatum.
2673 1399 2737 1447 10

347 1558 416 1612 4¹
512 1557 594 1624 Q.
647 1556 923 1620 Seruilio
976 1555 1298 1638 Caepione
1351 1556 1426 1618 C.
1490 1552 1695 1615 Atilio
1758 1555 2032 1616 Sarrano
2085 1577 2243 1617 coss.
2318 1553 2636 1618 Amiterni

294 1635 470 1721 [¹⁰¹]
508 1681 656 1720 cum
687 1681 768 1720 ex
797 1657 1031 1720 ancilla
1061 1679 1221 1739 puer
1248 1665 1647 1730 nasceretur,
1686 1648 1854 1718 ‘aue'
1888 1655 2075 1718 dixit.
2134 1657 2202 1718 in
2254 1679 2407 1739 agro
2439 1658 2636 1719 Peru-

505 1760 646 1822 sino
677 1770 741 1822 et
773 1762 1019 1822 Romae
1048 1758 1205 1819 locis
1237 1757 1481 1840 aliquot
1511 1758 1678 1819 lacte
1703 1756 1892 1838 pluit.
1930 1757 2100 1819 inter
2122 1758 2329 1820 multa
2356 1757 2632 1819 fulmine

415 1863 422 1870 ’
506 1861 635 1922 icta
662 1861 895 1922 Atellis
927 1858 1112 1940 digiti
1142 1858 1423 1920 hominis
1456 1868 1761 1941 quattuor
1790 1868 2123 1941 tamquam
2150 1860 2314 1921 ferro
2338 1858 2626 1940 praecisi.

507 1971 847 2042 argentum
877 1960 1208 2042 signatum
1238 1961 1457 2021 afflatu
1488 1959 1781 2022 fulminis
1814 1959 2116 2022 diffluxit.
2180 1959 2251 2022 in
2298 1983 2451 2042 agro
2483 1962 2636 2022 Tre·
2671 1973 2734 2021 15

499 2063 740 2124 bulauo
772 2061 1003 2123 mulier
1032 2070 1238 2142 nupta
1268 2060 1397 2122 ciui
1429 2063 1725 2123 Romano
1756 2061 2029 2124 fulmine
2061 2061 2226 2136 icta,
2262 2083 2381 2123 nec
2412 2062 2630 2124 exani-

505 2173 702 2226 mata.
773 2162 1065 2226 fremitus
1111 2161 1402 2224 caelestis
1449 2162 1708 2225 auditus
1751 2174 1814 2226 et
1842 2163 1979 2246 pila
2008 2163 2183 2225 caelo
2214 2165 2435 2226 cadere
2466 2163 2627 2227 uisa.

507 2265 823 2348 sanguine
866 2265 1059 2347 pluit.
1131 2267 1380 2327 Romae
1423 2263 1706 2326 interdiu
1750 2265 1863 2326 fax
1907 2265 2182 2327 sublime
2224 2265 2451 2328 uolans
2484 2288 2631 2328 con-

507 2377 744 2450 specta.
796 2366 866 2429 in
898 2369 1051 2430 aede
1081 2368 1322 2431 Larum
1353 2365 1614 2428 flamma
1658 2387 1697 2428 a
1735 2365 1994 2450 fastigio
2040 2366 2119 2427 ad
2165 2387 2488 2430 summum
2529 2389 2631 2432 co-

504 2469 726 2532 lumen
756 2468 1122 2551 penetrauit
1152 2468 1439 2530 innoxia.
1500 2489 1614 2550 per
1659 2468 2046 2549 Caepionem
2093 2469 2420 2531 consulem
2452 2491 2631 2533 sena·
2664 2480 2731 2531 20

506 2580 717 2631 torum
770 2580 836 2631 et
885 2570 1180 2652 equitum
1230 2568 1469 2631 iudicia
1520 2568 2015 2632 communicata.
2095 2580 2304 2633 cetera
2354 2570 2424 2632 in
2474 2593 2633 2655 pace

504 2670 790 2731 fuerunt.

347 2840 424 2894 42
509 2839 586 2899 Ρ.
639 2837 890 2900 Rutilio
943 2839 1064 2900 Cn.
1119 2836 1370 2899 Manlio
1422 2860 1583 2901 coss.
1682 2840 1999 2903 Trebulae
2054 2841 2432 2902 Mutuescae
2482 2853 2631 2904 ante

293 2918 467 3004 [¹02]
507 2960 698 3021 quam
750 2939 890 3000 ludi
935 2938 1487 3002 committerentur
1540 2951 1811 3004 canente
1859 2942 2123 3003 tibicine
2170 2964 2413 3023 angues
2458 2942 2631 3025 nigri

503 3063 678 3103 aram
711 3039 1268 3116 circundederunt,
1307 3042 1640 3105 desinente
1671 3053 1928 3117 cantare
1953 3041 2206 3123 dilapsi.
2244 3055 2498 3123 postero
2529 3044 2631 3106 die
2662 3057 2730 3105 25

503 3143 707 3205 exorti
739 3165 775 3204 a
804 3144 1042 3225 populo
1073 3142 1394 3223 lapidibus
1427 3143 1697 3205 enecati.
1758 3142 2000 3205 foribus
2048 3141 2273 3225 templi
2312 3144 2629 3224 adapertis

503 3243 917 3306 simulacrum
950 3242 1180 3304 Martis
1211 3242 1497 3324 ligneum
1530 3244 1738 3326 capite
1769 3254 1946 3307 stans
1976 3242 2343 3307 inuentum.
2383 3265 2421 3305 a
2444 3245 2630 3308 Lusi-

503 3342 670 3405 tanis
705 3343 1018 3405 exercitus
1051 3343 1364 3405 Romanis
1395 3366 1641 3407 caesus·

343 3520 420 3575 43
505 3509 578 3571 O.
619 3508 826 3571 Mario
869 3510 945 3571 C.
982 3496 1210 3572 Flaiiio
1254 3532 1415 3573 coss·
1464 3512 1637 3574 bubo
1682 3524 1861 3577 extra
1890 3517 2113 3578 urbem
2143 3514 2345 3577 uisus.
2394 3514 2507 3575 bos
2538 3512 2629 3573 lo-

289 3598 464 3687 [103]
501 3620 670 3672 cuta.
738 3610 1053 3673 Trebulae
1099 3613 1478 3675 Mutuescae
1541 3612 1957 3678 simulacrum
2001 3616 2071 3677 in
2116 3616 2388 3697 temp10,
2458 3613 2628 3696 quod
2660 3624 2728 3673 30

498 3826 528 3874 2
557 3821 690 3874 urbe
718 3823 1050 3890 Stephanus.-
1089 3824 1276 3875 urbem
1315 3840 1350 3875 a
1376 3822 1393 3893 ΙΙ
1419 3823 1697 3875 lautumiis
1726 3824 2029 3891 Schefferus
2056 3823 2073 3893 ΙΙ
2107 3827 2158 3875 11
2197 3825 2257 3877 C.
2286 3824 2393 3875 add
2423 3824 2629 3875 Ouden-

495 3901 710 3969 domnius
732 3922 749 3952 .·
795 3920 877 3953 om
920 3918 953 3953 a
981 3902 997 3969 ΙΙ
1040 3904 1099 3953 12
1132 3906 1261 3969 post
1293 3901 1436 3953 dixit
1473 3900 1581 3951 add
1600 3918 1633 3951 a
1658 3901 1721 3952 P.
1752 3901 1983 3953 Sarrano
2012 3900 2080 3952 G.
2108 3901 2280 3953 Atilio
2307 3919 2443 3954 coss,
2474 3903 2546 3969 qs.
2566 3919 2628 3968 p.

501 3981 616 4040 124,
654 3981 707 4028 ll
740 3983 793 4030 et
817 3982 880 4031 22
909 3979 926 4047 ss
955 3983 1020 4031 23
1061 3979 1273 4031 Rutilio
1314 3979 1412 4031 Cn.
1453 3978 1665 4030 Manlio
1712 3978 2147 4047 Oudendorpius:
2186 3980 2384 4032 Attilio
2411 3986 2466 4031 et
2502 3980 2629 4031 Cor-

497 4055 642 4107 nelio
667 4056 898 4108 Manilio
937 4074 971 4107 a
997 4058 1013 4126 ll
1041 4056 1360 4110 Mutuescae
1385 4055 1605 4124 scripsi:
1656 4056 1945 4109 Mutuscae
1983 4077 2017 4109 a
2044 4058 2060 4127 ss
2090 4062 2153 4110 29
2195 4059 2387 4111 Flauio
2420 4059 2627 4110 Ouden-

507 4131 712 4199 &mydas
731 4153 747 4182 .·
775 4132 968 4185 Flacco
995 4152 1028 4185 a
1055 4135 1072 4201 11
