3052 4823
465 276 588 339 104
1213 296 1217 299 ⁷
1333 298 1717 343 PERIOCHAE

1189 439 1319 511 EX
1361 448 1543 511 LIB.
1594 448 1875 515 CXXV.

461 566 695 629 Caesar
731 564 956 631 relicto
1001 577 1175 629 trans
1216 587 1392 629 mare
1434 567 1729 630 Antonio
1759 606 1844 615 —-
1872 569 2243 651 prouinciae
2292 592 2371 635 ea
2412 578 2594 657 p'arte

461 666 713 751 imperii
742 667 986 751 positae
1011 667 1071 731 ei
1101 678 1421 732 cesserant
1443 704 1525 716 —
1552 690 1844 735 reuersus
1874 670 1945 733 in
1976 672 2239 735 Italiam
2268 674 2592 737 ueteranis

461 791 644 853 agros
676 769 925 834 diuisit.
973 770 1317 833 seditiones
1348 770 1667 856 exercitus
1698 772 1821 848 sui,
1858 794 2017 855 quas
2050 776 2336 858 corrupti
2368 798 2406 838 a
2436 776 2591 839 Ful-

460 871 570 935 uia
611 873 708 935 M.
743 871 993 935 Antoni
1033 894 1233 935 uxore
1275 872 1514 937 milites
1560 875 1868 937 aduersus
1912 875 2362 957 imperatorem
2403 899 2595 940 suum
2626 892 2656 940 5

461 972 942 1037 concitauerant
958 1022 979 1051 ,
1027 996 1176 1037 cum
1219 974 1403 1057 graui
1432 974 1720 1058 periculo
1763 975 2075 1039 inhibuit.
2137 980 2216 1041 L.
2262 979 2591 1043 Antonius

461 1096 588 1138 cos.
613 1123 632 1151 ,
683 1078 778 1137 M.
814 1076 1063 1140 Antoni
1103 1076 1330 1152 frater,
1381 1078 1605 1138 eadem
1650 1076 1888 1139 Fuluia
1931 1079 2312 1143 consiliante
2352 1081 2598 1144 bellum

405 1160 413 1168 ’
460 1176 717 1239 Caesari
747 1176 994 1240 intulit.
1039 1178 1308 1261 receptis
1338 1176 1409 1239 in
1437 1189 1649 1261 partes
1676 1200 1821 1241 suas
1847 1180 2131 1263 popuIiS,
2152 1203 2425 1264 quorum
2458 1183 2593 1265 agri

458 1278 780 1341 ueteranis
811 1278 1133 1363 adsignati
1162 1291 1366 1355 erant,
1402 1294 1468 1343 et
1499 1282 1595 1343 M.
1620 1280 1889 1364 Lepid0‚
1910 1283 2022 1365 qui
2053 1283 2379 1347 custodiae
2410 1284 2585 1362 urbis

459 1401 608 1442 cum
637 1381 885 1445 exeritu
912 1392 1222 1465 praeerat,
1259 1382 1402 1445 fuso
1433 1381 1753 1445 hostiliter
1782 1382 1853 1444 in
1882 1385 2107 1447 urbem
2128 1384 2397 1469 inrupit.
2622 1398 2685 1447 10

1093 1542 1097 1547 ’
1144 1540 1290 1606 ‚EX
1336 1542 1511 1603 LIB.
1570 1540 1892 1607 CXXVI.

459 1675 694 1755 Caesar
733 1697 883 1739 cum
925 1687 1092 1741 esset
1121 1698 1435 1739 annorum
1467 1696 1651 1739 XXIII
1666 1724 1689 1753 ,
1741 1679 2069 1741 obsessum
2098 1678 2167 1741 in
2200 1679 2435 1762 oppido
2466 1682 2588 1745 Pe-

457 1775 632 1839 rusia
674 1779 751 1840 L.
803 1777 1164 1841 Antonium
1221 1788 1651 1861 conatumque
1718 1779 2103 1862 aliquotiens
2150 1802 2479 1864 erumpere
2524 1792 2588 1844 et

457 1878 789 1960 repulsum
817 1879 986 1943 fame
1018 1880 1228 1964 coegit
1257 1880 1327 1942 in
1350 1879 1744 1943 deditionem
1761 1882 1980 1945 uenire
2004 1881 2254 1965 ipsique
2286 1893 2350 1945 et
2381 1882 2584 1946 omni-

457 1979 578 2041 bus
609 1978 924 2055 militibus
954 1980 1092 2045 eius
1121 1981 1401 2065 ignouit,
1438 1982 1789 2045 Perusiam
1828 1984 2049 2061 diruit,
2087 1984 2487 2067 redactisque
2515 1985 2588 2047 in
2624 2000 2685 2048 15

458 2090 843 2163 potestatem
875 2104 1060 2145 suam
1089 2083 1388 2147 omnibus
1435 2082 1729 2147 diuersae
1771 2086 1974 2169 partis
2022 2086 2407 2151 exercitibus
2453 2088 2585 2151 bel-

456 2181 598 2243 lum
627 2182 790 2245 citra
820 2184 1027 2247 ullum
1056 2183 1440 2267 sanguinem
1470 2186 1769 2250 confecit.

1141 2346 1270 2410 EX
1316 2348 1493 2411 LIB.
1546 2345 1907 2410 CXXVII.

458 2477 688 2541 Parthi
718 2479 1005 2568 Labieno
1021 2530 1042 2559 ,
1093 2483 1206 2565 qui
1249 2483 1793 2569 Pompeianarum
1819 2485 2103 2565 partium
2132 2485 2341 2549 fuerat
2355 2533 2374 2561 ,
2425 2486 2587 2548 duce

456 2577 528 2640 in
559 2580 809 2665 Syriam
853 2583 1241 2668 inruperunt
1293 2585 1594 2668 uictoque
1624 2583 1893 2648 Decidio
1938 2585 2147 2663 Saxa,
2210 2587 2307 2650 M.
2342 2586 2593 2649 Antoni
2622 2599 2689 2649 20

455 2681 692 2765 legat0,
729 2695 932 2749 totam
961 2708 1104 2749 eam
1131 2686 1533 2770 prouinciam
1562 2697 2061 2768 occupauerunt.
2128 2689 2223 2750 M.
2259 2687 2588 2751 Antonius

455 2805 606 2848 cum
637 2787 718 2847 ad
748 2787 992 2850 bellum
1025 2789 1330 2852 aduersus
1349 2789 1689 2852 Caesarem
1718 2789 2070 2869 gerendum
2100 2787 2477 2850 incitaretur
2508 2790 2589 2851 ab

457 2909 655 2950 uxore
685 2889 919 2952 Fuluia
949 2932 1003 2960 ..i
1040 2913 1123 2953 ne
1153 2888 1526 2953 concordiae
1574 2889 1813 2970 ducum
1856 2889 2172 2965 obstaret,
2221 2911 2378 2972 pace
2419 2891 2592 2954 facta

457 3010 608 3051 cum
651 2990 924 3054 Caesare
968 3014 1248 3056 sororem
1290 2991 1428 3055 eius
1459 2989 1803 3054 Octauiam
1847 2990 1917 3052 in
1962 2975 2444 3055 matrimonium
2476 2993 2591 3054 du-

455 3091 576 3155 xit.
660 3094 742 3160 Q.
793 3093 1246 3158 Saluidienum
1289 3092 1559 3158 consilia
1602 3091 1854 3156 nefaria
1901 3093 2208 3156 aduersus
2252 3095 2593 3157 Caesarem
2623 3105 2689 3155 25

454 3193 753 3257 molitum
789 3194 1030 3259 indicio
1076 3219 1192 3260 suo
1239 3195 1585 3280 protraxit,
1650 3195 1833 3278 isque
1896 3195 2239 3259 damnatus
2321 3205 2593 3259 mortem

457 3295 791 3360 consciuit.
858 3299 936 3360 P.
973 3298 1320 3362 Ventidius
1340 3347 1360 3374 ,
1409 3297 1658 3361 Antoni
1696 3298 1985 3381 legatuS,
2030 3297 2307 3361 Parthos
2349 3295 2590 3380 proelio

457 3513 488 3562 2
512 3509 560 3562 Ι.
591 3509 786 3562 Caesar
805 3509 995 3562 relicto
1019 3509 1262 3562 Antonio
1288 3509 1676 3562 transmarinae
1701 3507 2013 3579 prouinciae
2028 3527 2059 3560 r
2084 3509 2101 3577 ΙΙ
2128 3525 2192 3560 ea
2202 3507 2396 3578 scripsi
2408 3530 2427 3560 .-
2454 3526 2523 3562 ex
2546 3521 2595 3562 Ν
2608 3559 2613 3564 ,

459 3606 525 3651 gr
550 3589 567 3656 ΙΙ
597 3592 626 3639 3
652 3588 702 3640 ei
727 3595 999 3641 cesserant
1019 3587 1214 3657 scripsi
1226 3609 1244 3638 .·
1285 3591 1582 3640 recesserat
1606 3599 1688 3650 Νς
1714 3589 1730 3656 ΙΙ
1756 3587 2042 3658 imperium
2068 3587 2119 3640 ei
2142 3587 2303 3640 cessit
2322 3606 2353 3639 r
2378 3590 2395 3658 ΙΙ
2422 3592 2454 3641 4
2479 3606 2593 3642 cor-

455 3669 602 3740 rupti
625 3668 932 3722 Ascemius:
959 3668 1190 3738 correpti
1213 3679 1328 3730 Νςν
1353 3667 1370 3736 ΙΙ
1399 3670 1428 3720 5
1467 3674 1658 3720 contra
1690 3683 1723 3718 r
1747 3670 1765 3736 u
1796 3671 1827 3719 6
1868 3667 2064 3736 grandi
2104 3685 2135 3718 r
2160 3666 2177 3736 ΙΙ
2207 3670 2233 3718 ’1
2274 3667 2592 3720 consulente

459 3765 525 3810 ςν
550 3747 566 3816 ΙΙ
599 3749 659 3799 10
695 3753 982 3816 praeerant
1027 3759 1076 3798 N
1097 3746 1114 3816 ΙΙ
1141 3745 1280 3798 sciso
1319 3763 1350 3796 r
1376 3743 1393 3814 11
1439 3749 1498 3797 12
1542 3744 1603 3798 C.
1648 3745 1843 3798 Caesar
1877 3764 1908 3797 r
1934 3748 1950 3814 ss
1978 3758 2163 3798 XXIIII
2202 3764 2267 3807 ςν
2292 3745 2310 3814 11
2338 3746 2591 3809 obsessus

455 3835 534 3893 Ny
561 3827 578 3893 [ἰ
604 3822 798 3875 Prusia
819 3840 850 3873 r
876 3823 893 3892 Η
926 3824 985 3874 14
1013 3821 1264 3875 omnibus
1296 3821 1512 3890 quidem
1536 3839 1567 3872 r
1592 3820 1609 3888 11
1643 3824 1705 3872 15
1730 3821 1977 3873 Prusiam
2002 3840 2033 3873 r
2058 3820 2076 3890 ΙΙ
2105 3825 2169 3872 20
2195 3821 2395 3874 Deidio
2420 3839 2453 3874 r
2478 3825 2495 3892 ΙΙ
2524 3825 2583 3874 21

456 3903 766 3954 uniuersam
789 3919 820 3952 r
845 3902 862 3970 11
891 3905 955 3954 22
981 3908 1170 3955 contra
1193 3920 1224 3953 r
1249 3901 1267 3972 u
1293 3901 1613 3954 incitaretur
1636 3918 1721 3952 om
1750 3919 1784 3962 ς
1809 3899 1826 3967 ΙΙ
1853 3899 1921 3951 ab
1947 3900 2055 3952 add
2084 3901 2386 3952 G'rououius
2402 3921 2421 3952 .·
2448 3912 2595 3952 omN

459 3999 526 4044 ςν
550 3983 567 4052 [1
595 3983 658 4034 23
685 3980 860 4033 fuluia
884 3980 1105 4034 dimissa
1127 3997 1197 4033 ne
1225 3998 1290 4044 ςν
1316 3978 1334 4048 ΙΙ
1361 3979 1652 4032 concordia
1675 3992 1724 4031 N
1746 3980 1763 4042 11
1792 3982 1854 4032 25
1882 3976 2227 4030 sauidienum
2248 3991 2325 4050 N,
2344 3979 2589 4034 Saluide-

456 4073 606 4109 mum
631 4073 662 4106 r
687 4056 703 4125 ΙΙ
731 4063 920 4109 contra
941 4072 974 4107 r
997 4056 1016 4126 ss
1043 4073 1222 4110 caesar
1243 4067 1290 4109 N
1315 4055 1332 4125 ΙΙ
1361 4059 1426 4108 26
1452 4053 1657 4108 iudicio
1700 4071 1799 4107 suo
1836 4053 2076 4124 protexit
2113 4071 2144 4104 r
2170 4053 2187 4123 ΙΙ
2217 4055 2279 4106 27
2320 4054 2425 4108 sibi
2460 4071 2587 4108 con·

457 4132 621 4187 sciuit
643 4149 676 4184 r
700 4133 718 4203 ss
1660 4153 1663 4157 ·
