3052 4823
557 332 642 394 34
1431 351 1815 396 PERIOCHAE

555 500 824 565 hiberna
863 498 1309 564 communiuit.
1375 500 1791 583 Sempronius
1831 521 1961 562 cos.
1998 498 2067 560 in
2098 520 2251 582 agro
2281 499 2692 563 Crotoniensi

555 625 854 686 prospere
883 604 1191 666 aduersus
1221 600 1663 664 Hannibalem
1692 600 2031 684 pugnauit.
2068 600 2237 664 inter
2260 623 2553 664 censores
2586 603 2683 663 M.

559 704 824 770 Liuium
839 715 904 768 et
917 704 1264 774 Claudium
1279 705 1603 766 Neronem
1617 702 1917 765 notabilis
1934 703 2247 766 discordia
2259 702 2405 766 fuit.
2442 725 2596 766 nam
2624 713 2692 766 et

559 807 835 871 Claudio
859 806 1140 888 collegae
1163 826 1349 868 ecum
1371 804 1635 879 ademit,
1672 806 1844 886 quod
1872 826 1910 866 a
1938 805 2179 887 populo
2211 806 2554 868 damnatus
2587 828 2689 868 ac-

563 919 795 990 tusque
809 907 880 970 in
911 905 1182 970 exilium
1209 905 1443 981 fuerat,
1477 917 1542 968 et
1572 906 1803 969 Liuius
1827 907 2123 983 Claudio,
2158 909 2329 989 quod
2358 908 2595 970 falsum
2623 906 2697 970 in
2728 920 2759 968 5

559 1032 628 1074 se
657 1008 1099 1074 testimonium
1129 1008 1397 1072 dixisset
1425 1017 1492 1070 et
1515 1010 1689 1089 quod
1711 1030 1843 1071 non
1862 1010 2031 1071 bona
2056 1010 2183 1071 fide
2201 1031 2418 1072 secum
2448 1009 2516 1071 in
2546 1031 2689 1091 gra-

561 1112 718 1174 tiam
745 1110 1035 1174 redisset.
1101 1109 1272 1172 idem
1315 1129 1536 1172 omnes
1569 1109 1775 1172 tribus
1804 1119 1987 1172 extra
2014 1131 2215 1172 unam
2246 1109 2515 1174 aerarias
2545 1111 2691 1172 reli-

561 1213 725 1296 quit,
761 1213 932 1295 quod
963 1221 1028 1273 et-
1056 1210 1463 1273 innocentem
1493 1233 1564 1274 se
1594 1212 2009 1274 damnassent
2050 1222 2114 1274 et
2162 1211 2430 1293 posthac
2460 1233 2688 1275 consu-

558 1317 687 1379 lem
719 1335 1169 1396 censoremque
1197 1311 1521 1375 fecissent.
1582 1312 1860 1375 lustrum
1890 1335 1929 1376 a
1958 1313 2327 1376 censoribus
2356 1313 2693 1377 conditum

563 1429 681 1481 est.
731 1437 922 1481 censa
951 1427 1106 1478 sunt
1135 1413 1379 1478 ciuium
1411 1414 1625 1498 capita
1652 1434 1911 1478 ccx1111.
2730 1426 2798 1477 10

1309 1652 1441 1714 EX
1489 1651 1667 1712 LIB.
1718 1651 1953 1713 XXX.

567 1818 783 1905 Scipio
814 1821 884 1882 in
911 1819 1125 1882 Africa
1159 1818 1721 1901 Carthaginienses
1752 1831 1818 1883 et
1858 1820 2131 1883 eundem
2164 1820 2521 1904 Syphacem
2552 1822 2696 1884 Nu-

565 1921 798 1986 midiae
825 1941 1042 2002 regem
1073 1921 1673 2002 Hasdrubalemque
1700 1921 1993 2006 pluribus
2037 1921 2295 2005 proeliis
2324 1921 2484 1984 uicit
2514 1922 2693 1984 adiu-

567 2033 766 2088 uante
795 2020 1176 2096 Masinissa,
1223 2020 1378 2083 bina
1406 2021 1693 2085 hostium
1720 2033 1929 2086 castra
1958 2023 2360 2106 expugnauit
2380 2071 2400 2099 ,
2452 2022 2521 2085 in
2551 2023 2693 2106 qui-

567 2117 812 2189 bus'x'f,
835 2123 1174 2187 hominum
1203 2122 1367 2185 ferro
1397 2121 1663 2205 ignique
1699 2135 2081 2207 consumpta
2111 2136 2285 2187 sunt.
2338 2125 2699 2207 Syphacem
2736 2140 2799 2187 15

567 2249 682 2312 per
711 2229 788 2290 C.
823 2223 1119 2289 Laelium
1149 2233 1214 2286 et
1245 2223 1659 2286 Masinissam
1702 2225 1894 2308 cepit.
1956 2226 2303 2290 Masinissa
2347 2226 2697 2309 Sophonis-

567 2332 718 2395 bam
748 2347 1012 2391 uxorem
1037 2325 1386 2408 SyphaciS,
1435 2325 1640 2388 filiam
1680 2327 2109 2391 Hasdrubalis
2127 2376 2147 2404 ,
2198 2339 2448 2410 captam
2478 2327 2701 2390 statim

571 2430 898 2497 adamauit
928 2439 993 2491 et
1023 2427 1268 2510 nuptiis
1299 2428 1482 2492 factis
1515 2450 1779 2491 uxorem
1811 2428 2073 2505 habuit3
2110 2430 2461 2514 castigatus
2493 2452 2531 2492 a
2563 2430 2698 2493 Sci-

569 2535 762 2618 pione
791 2552 1119 2595 uenenum
1149 2530 1208 2592 ei
1236 2529 1434 2605 misit,
1472 2552 1601 2612 quo
1630 2530 1745 2593 illa
1773 2530 2005 2593 hausto
2027 2532 2319 2595 decessit.
2370 2532 2695 2595 effectum·

575 2658 698 2718 que
748 2632 972 2696 multis
1020 2630 1338 2715 Scipionis
1393 2631 1679 2694 uictoriis
1734 2641 1809 2693 ut
1862 2632 2425 2716 Carthaginienses
2482 2634 2551 2696 in
2594 2636 2701 2697 de-
2732 2647 2801 2697 2ο

574 2733 1000 2819 sperationem
1041 2730 1167 2792 acti
1209 2730 1280 2792 in
1311 2731 1629 2793 auxilium
1656 2732 1953 2814 publicae
2000 2734 2226 2797 salutis
2258 2735 2703 2799 Hannibalem

572 2840 967 2897 reuocarent.
1005 2829 1222 2912 itaque
1251 2852 1422 2893 anno
1451 2852 1575 2894 XVI
1607 2832 1799 2895 Italia
1830 2835 2139 2898 decedens
2170 2835 2241 2898 in
2264 2836 2544 2899 Africam
2576 2847 2703 2900 tra-

572 2936 723 2999 iecit
781 2930 1250 3015 temptauitque
1301 2954 1417 3015 per
1475 2933 1890 3017 conloquium
1942 2957 2165 3018 pacem
2208 2958 2359 3000 cum
2404 2938 2706 3019 Scipione

573 3057 964 3121 conponere,
1013 3044 1078 3097 et
1107 3055 1256 3097 cum
1287 3035 1366 3097 de
1395 3034 1871 3100 conditionibus
1898 3037 2073 3120 pacis
2102 3060 2237 3100 non
2266 3039 2697 3115 conuenisset,

577 3141 709 3204 acie
739 3138 954 3201 uictus
985 3130 1114 3199 est.
1166 3159 1296 3221 pax
1325 3137 1967 3221 Carthaginiensibus
1997 3140 2365 3222 petentibus
2396 3142 2549 3204 data
2576 3152 2698 3203 est.
2736 3154 2804 3203 25

575 3240 913 3305 Hannibal
958 3237 1314 3320 Gisgonem
1359 3253 1585 3320 pacem
1614 3240 2092 3303 dissuadentem
2120 3262 2321 3303 manu
2351 3262 2467 3304 sua
2496 3242 2704 3303 detra-

576 3343 710 3417 xit,
768 3348 1073 3412 excusata
1124 3338 1356 3401 deinde
1410 3340 1767 3403 temeritate
1818 3339 1974 3403 facti
2016 3340 2153 3423 ipse
2203 3363 2428 3424 pacem
2472 3341 2699 3405 suasit.

581 3630 603 3679 l
634 3618 968 3695 protoniensi
991 3630 1042 3672 Ν
1062 3618 1080 3689 ΙΙ
1104 3623 1137 3671 4
1161 3618 1298 3672 liuio
1334 3620 1574 3690 collegae
1610 3638 1676 3683 ςν
1700 3621 1717 3692 ΙΙ
1744 3624 1775 3674 6
1813 3623 2034 3676 minime
2069 3625 2215 3677 bona
2248 3642 2279 3676 r
2304 3625 2322 3694 ΙΙ
2348 3623 2523 3693 gratia
2556 3636 2607 3675 Ν
2628 3624 2647 3694 ss
2676 3626 2707 3677 8

577 3711 633 3758 et
657 3698 804 3771 quod
828 3704 1018 3767 postea
1039 3714 1071 3748 r
1095 3698 1113 3766 ΙΙ
1139 3702 1326 3765 postac
1349 3710 1412 3761 Ν,
1442 3704 1631 3767 postea
1657 3719 1692 3761 ς
1714 3699 1733 3770 ΙΙ
1764 3703 1826 3753 12
1855 3700 2037 3771 Scipio
2060 3720 2145 3753 om
2168 3714 2280 3766 Νς,
2306 3707 2435 3771 post
2457 3701 2707 3755 Hasdru-

575 3780 752 3834 balem
790 3780 886 3829 aut
924 3773 1054 3826 uicit
1079 3778 1293 3841 ponunt
1316 3793 1351 3835 ς
1376 3774 1392 3836 ΙΙ
1419 3773 1476 3825 in
1512 3774 1700 3827 Africa
1736 3776 1916 3847 Scipio
1952 3794 1984 3829 r
2010 3778 2027 3846 ΙΙ
2055 3778 2290 3849 syfacem
2325 3792 2377 3832 Ν
2398 3778 2415 3849 ΙΙ
2440 3778 2496 3832 N
2497 3779 2707 3831 umida-

574 3875 698 3912 rum
729 3872 762 3907 ν
786 3855 804 3925 u
835 3856 898 3905 14
934 3850 1202 3920 binaquer
1227 3850 1244 3920 ΙΙ
1276 3852 1338 3902 15
1365 3849 1599 3920 syfacem
1620 3863 1670 3903 Ν
1692 3852 1710 3922 ΙΙ
1742 3855 1803 3906 16
1840 3858 1897 3905 et
1930 3854 2269 3907 masinissam
2305 3872 2390 3907 om
2427 3871 2494 3916 ςν
2518 3854 2537 3924 ss
2564 3854 2707 3906 sofo-

576 3936 759 3989 nibam
782 3943 832 3985 Ν
853 3931 871 4001 ΙΙ
901 3932 964 3981 18
1001 3927 1403 3997 castigatusque
1441 3945 1472 3980 r
1497 3929 1514 3997 ΙΙ
1546 3932 1609 3981 19
1644 3930 1943 3983 transmisit
1978 3947 2086 3999 quo
2126 3929 2344 3999 quidem
2384 3948 2416 3983 r
2454 3932 2471 4001 ΙΙ
2509 3931 2708 3985 hausto

577 4014 673 4067 illa
705 4028 771 4074 ςν
795 4011 813 4081 ΙΙ
850 4013 1006 4061 austo
1043 4018 1094 4059 Ν
1129 4007 1148 4076 ΙΙ
1186 4005 1543 4075 effectumque
1590 4013 1675 4059 est
1712 4024 1777 4069 ςν
1802 4006 1820 4075 ΙΙ
1848 4010 1913 4058 20
1948 4006 2182 4059 multum
2215 4019 2267 4059 Ν
2288 4008 2305 4078 ΙΙ
2334 4011 2397 4061 22
2437 4024 2504 4060 ex
2542 4007 2707 4061 Italia

576 4092 898 4143 reuocarent
921 4102 952 4136 r
977 4082 995 4152 ΙΙ
1023 4090 1312 4137 euocarent
1328 4095 1412 4145 Νς
1437 4084 1453 4153 ΙΙ
1480 4083 1663 4151 itaque
1687 4082 1880 4152 scripsi
1892 4103 1909 4133 .·
1937 4082 2103 4151 idque
2125 4095 2187 4145 Ν,
2218 4082 2375 4152 isque
2400 4100 2466 4146 ςν
2490 4084 2509 4153 fl
2536 4084 2709 4137 disce—

581 4168 714 4219 dens
746 4184 777 4217 r
803 4166 822 4233 ss
851 4168 910 4215 25
953 4162 1078 4215 data
1113 4169 1196 4214 est
1233 4158 1545 4231 petentibus
1572 4175 1638 4219 ςν
1662 4158 1681 4227 ss
1709 4161 1773 4209 26
1810 4156 2127 4209 suadentem
2150 4168 2200 4209 Ν
2222 4157 2239 4224 Η
