<?xml version="1.0" encoding="UTF-8"?>
<!DOCTYPE html PUBLIC "-//W3C//DTD XHTML 1.0 Transitional//EN"
    "http://www.w3.org/TR/xhtml1/DTD/xhtml1-transitional.dtd">
<html xmlns="http://www.w3.org/1999/xhtml" xml:lang="en" lang="en">
 <head>
  <title>
</title>
<meta http-equiv="Content-Type" content="text/html;charset=utf-8" />
  <meta name='ocr-system' content='tesseract 3.04.00' />
  <meta name='ocr-capabilities' content='ocr_page ocr_carea ocr_par ocr_line ocrx_word'/>
</head>
<body>
  <div class='ocr_page' id='page_1' title='image "./tliviaburbecond00jahngoog_0095.png"; bbox 0 0 3052 4823; ppageno 0'>
   <div class='ocr_carea' id='block_1_1' title="bbox 466 601 540 710">
    <p class='ocr_par' dir='ltr' id='par_1_1' title="bbox 466 601 540 710">
     <span class='ocr_line' id='line_1_1' title="bbox 510 601 540 645; baseline 0 0"><span class='ocrx_word' id='word_1_1' title='bbox 510 601 540 645; x_wconf 79' lang='lat' dir='ltr'><em>s</em></span> 
     </span>
     <span class='ocr_line' id='line_1_2' title="bbox 466 661 501 710; baseline 0 -41"><span class='ocrx_word' id='word_1_2' title='bbox 466 661 501 710; x_wconf 44' lang='grc' dir='ltr'>ΙΙ.</span> 
     </span>
    </p>
   </div>
   <div class='ocr_carea' id='block_1_2' title="bbox 462 871 470 899">
    <p class='ocr_par' dir='ltr' id='par_1_2' title="bbox 462 871 470 899">
     <span class='ocr_line' id='line_1_3' title="bbox 462 871 470 899; baseline 0 0"><span class='ocrx_word' id='word_1_3' title='bbox 462 871 470 899; x_wconf 70' lang='lat' dir='ltr'>f</span> 
     </span>
    </p>
   </div>
   <div class='ocr_carea' id='block_1_3' title="bbox 425 977 514 1020">
    <p class='ocr_par' dir='ltr' id='par_1_3' title="bbox 425 977 514 1020">
     <span class='ocr_line' id='line_1_4' title="bbox 425 977 514 1020; baseline 0 -27"><span class='ocrx_word' id='word_1_4' title='bbox 425 977 514 1020; x_wconf 59' lang='lat' dir='ltr'><em>s</em></span> 
     </span>
    </p>
   </div>
   <div class='ocr_carea' id='block_1_4' title="bbox 568 307 1825 396">
    <p class='ocr_par' dir='ltr' id='par_1_4' title="bbox 568 307 1825 396">
     <span class='ocr_line' id='line_1_5' title="bbox 568 307 1825 396; baseline 0.002 -12"><span class='ocrx_word' id='word_1_5' title='bbox 568 323 650 385; x_wconf 90' lang='grc'>64</span> <span class='ocrx_word' id='word_1_6' title='bbox 863 307 871 312; x_wconf 55' lang='grc'><strong>’</strong></span> <span class='ocrx_word' id='word_1_7' title='bbox 1443 343 1825 396; x_wconf 72' lang='grc' dir='ltr'><strong>ΡΕΒΙΟΟΗΑΕ</strong></span> 
     </span>
    </p>
   </div>
   <div class='ocr_carea' id='block_1_5' title="bbox 1233 528 1973 600">
    <p class='ocr_par' dir='ltr' id='par_1_5' title="bbox 1233 528 1973 600">
     <span class='ocr_line' id='line_1_6' title="bbox 1233 528 1973 600; baseline -0.001 -10"><span class='ocrx_word' id='word_1_8' title='bbox 1233 597 1238 600; x_wconf 57' lang='grc'><strong>,</strong></span> <span class='ocrx_word' id='word_1_9' title='bbox 1279 528 1406 590; x_wconf 87' lang='lat' dir='ltr'>EX</span> <span class='ocrx_word' id='word_1_10' title='bbox 1451 528 1627 590; x_wconf 90' lang='lat' dir='ltr'>LIB.</span> <span class='ocrx_word' id='word_1_11' title='bbox 1677 528 1973 593; x_wconf 92' lang='lat' dir='ltr'>LVIIII.</span> 
     </span>
    </p>
   </div>
   <div class='ocr_carea' id='block_1_6' title="bbox 457 688 2695 1002">
    <p class='ocr_par' dir='ltr' id='par_1_6' title="bbox 457 688 2695 1002">
     <span class='ocr_line' id='line_1_7' title="bbox 465 688 2695 786; baseline 0 -23"><span class='ocrx_word' id='word_1_12' title='bbox 465 733 474 786; x_wconf 85' lang='lat'>¹:</span> <span class='ocrx_word' id='word_1_13' title='bbox 563 695 955 763; x_wconf 89' lang='lat' dir='ltr'>Numantini</span> <span class='ocrx_word' id='word_1_14' title='bbox 984 697 1151 760; x_wconf 87' lang='lat' dir='ltr'>fame</span> <span class='ocrx_word' id='word_1_15' title='bbox 1183 696 1386 759; x_wconf 90' lang='lat' dir='ltr'>coacti</span> <span class='ocrx_word' id='word_1_16' title='bbox 1414 695 1543 779; x_wconf 90' lang='lat' dir='ltr'>ipsi</span> <span class='ocrx_word' id='word_1_17' title='bbox 1572 719 1639 760; x_wconf 89' lang='lat' dir='ltr'>se</span> <span class='ocrx_word' id='word_1_18' title='bbox 1683 719 1798 780; x_wconf 90' lang='lat' dir='ltr'>per</span> <span class='ocrx_word' id='word_1_19' title='bbox 1826 695 2037 759; x_wconf 89' lang='lat' dir='ltr'>uicem</span> <span class='ocrx_word' id='word_1_20' title='bbox 2086 688 2461 784; x_wconf 84' lang='lat' dir='ltr'>[tradentes]</span> <span class='ocrx_word' id='word_1_21' title='bbox 2501 700 2695 763; x_wconf 85' lang='lat' dir='ltr'>truci-</span> 
     </span>
     <span class='ocr_line' id='line_1_8' title="bbox 563 797 2694 882; baseline 0 -19"><span class='ocrx_word' id='word_1_22' title='bbox 563 802 906 874; x_wconf 87' lang='lat' dir='ltr'>dauerunt,</span> <span class='ocrx_word' id='word_1_23' title='bbox 941 808 1196 881; x_wconf 87' lang='lat' dir='ltr'>captam</span> <span class='ocrx_word' id='word_1_24' title='bbox 1224 799 1450 861; x_wconf 88' lang='lat' dir='ltr'>urbem</span> <span class='ocrx_word' id='word_1_25' title='bbox 1480 798 1697 882; x_wconf 82' lang='lat' dir='ltr'>Scipio</span> <span class='ocrx_word' id='word_1_26' title='bbox 1726 797 2069 861; x_wconf 75' lang='lat' dir='ltr'>Africanus</span> <span class='ocrx_word' id='word_1_27' title='bbox 2101 800 2343 864; x_wconf 88' lang='lat' dir='ltr'>deleuit</span> <span class='ocrx_word' id='word_1_28' title='bbox 2384 811 2449 864; x_wconf 89' lang='lat' dir='ltr'>et</span> <span class='ocrx_word' id='word_1_29' title='bbox 2491 804 2568 864; x_wconf 93' lang='lat' dir='ltr'>de</span> <span class='ocrx_word' id='word_1_30' title='bbox 2614 824 2694 864; x_wconf 90' lang='lat' dir='ltr'>ea</span> 
     </span>
     <span class='ocr_line' id='line_1_9' title="bbox 457 881 2687 1002; baseline 0 -38"><span class='ocrx_word' id='word_1_31' title='bbox 457 902 468 935; x_wconf 67' lang='lat'>‘⁴</span> <span class='ocrx_word' id='word_1_32' title='bbox 561 899 991 983; x_wconf 85' lang='lat' dir='ltr'>triumphauit</span> <span class='ocrx_word' id='word_1_33' title='bbox 1020 885 1188 963; x_wconf 80' lang='lat' dir='ltr'>x1111-</span> <span class='ocrx_word' id='word_1_34' title='bbox 1217 922 1388 962; x_wconf 90' lang='lat' dir='ltr'>anno</span> <span class='ocrx_word' id='word_1_35' title='bbox 1417 909 1563 982; x_wconf 88' lang='lat' dir='ltr'>post</span> <span class='ocrx_word' id='word_1_36' title='bbox 1593 899 2055 982; x_wconf 83' lang='lat' dir='ltr'>Carthaginem</span> <span class='ocrx_word' id='word_1_37' title='bbox 2084 881 2387 1002; x_wconf 46' lang='lat' dir='ltr'>deletam*</span> <span class='ocrx_word' id='word_1_38' title='bbox 2434 905 2687 994; x_wconf 46' lang='lat' dir='ltr'>‘IL-,Ru-</span> 
     </span>
    </p>
   </div>
   <div class='ocr_carea' id='block_1_7' title="bbox 558 1001 2755 1391">
    <p class='ocr_par' dir='ltr' id='par_1_7' title="bbox 558 1001 2755 1391">
     <span class='ocr_line' id='line_1_10' title="bbox 559 1001 2755 1093; baseline 0 -28"><span class='ocrx_word' id='word_1_39' title='bbox 559 1003 756 1086; x_wconf 91' lang='lat' dir='ltr'>pilius</span> <span class='ocrx_word' id='word_1_40' title='bbox 787 1024 916 1065; x_wconf 80' lang='lat' dir='ltr'>cOS.</span> <span class='ocrx_word' id='word_1_41' title='bbox 953 1001 1024 1063; x_wconf 94' lang='lat' dir='ltr'>in</span> <span class='ocrx_word' id='word_1_42' title='bbox 1055 1001 1278 1064; x_wconf 85' lang='lat' dir='ltr'>Sicilia</span> <span class='ocrx_word' id='word_1_43' title='bbox 1318 1023 1466 1093; x_wconf 76' lang='lat' dir='ltr'>cum</span> <span class='ocrx_word' id='word_1_44' title='bbox 1509 1001 1808 1086; x_wconf 87' lang='lat' dir='ltr'>fugitiuis</span> <span class='ocrx_word' id='word_1_45' title='bbox 1852 1001 2221 1081; x_wconf 73' lang='lat' dir='ltr'>debellauit.</span> <span class='ocrx_word' id='word_1_46' title='bbox 2281 1002 2689 1068; x_wconf 69' lang='lat' dir='ltr'>Aristonicus</span> <span class='ocrx_word' id='word_1_47' title='bbox 2724 1017 2755 1065; x_wconf 88' lang='lat'>5</span> 
     </span>
     <span class='ocr_line' id='line_1_11' title="bbox 560 1103 2686 1186; baseline 0 -19"><span class='ocrx_word' id='word_1_48' title='bbox 560 1104 874 1167; x_wconf 89' lang='lat' dir='ltr'>Eumenis</span> <span class='ocrx_word' id='word_1_49' title='bbox 906 1103 1071 1186; x_wconf 88' lang='lat' dir='ltr'>regis</span> <span class='ocrx_word' id='word_1_50' title='bbox 1100 1103 1274 1182; x_wconf 73' lang='lat' dir='ltr'>filius</span> <span class='ocrx_word' id='word_1_51' title='bbox 1303 1103 1530 1166; x_wconf 86' lang='lat' dir='ltr'>Asiam</span> <span class='ocrx_word' id='word_1_52' title='bbox 1561 1103 1937 1185; x_wconf 86' lang='lat' dir='ltr'>occupauit,</span> <span class='ocrx_word' id='word_1_53' title='bbox 1973 1126 2122 1167; x_wconf 91' lang='lat' dir='ltr'>cum</span> <span class='ocrx_word' id='word_1_54' title='bbox 2154 1114 2539 1168; x_wconf 84' lang='lat' dir='ltr'>testamento</span> <span class='ocrx_word' id='word_1_55' title='bbox 2567 1107 2686 1168; x_wconf 90' lang='lat' dir='ltr'>At-</span> 
     </span>
     <span class='ocr_line' id='line_1_12' title="bbox 558 1205 2683 1289; baseline 0 -21"><span class='ocrx_word' id='word_1_56' title='bbox 558 1206 676 1272; x_wconf 83' lang='lat' dir='ltr'>tali</span> <span class='ocrx_word' id='word_1_57' title='bbox 704 1205 871 1289; x_wconf 91' lang='lat' dir='ltr'>regis</span> <span class='ocrx_word' id='word_1_58' title='bbox 901 1206 1116 1288; x_wconf 88' lang='lat' dir='ltr'>legata</span> <span class='ocrx_word' id='word_1_59' title='bbox 1143 1205 1382 1289; x_wconf 92' lang='lat' dir='ltr'>populo</span> <span class='ocrx_word' id='word_1_60' title='bbox 1409 1206 1710 1269; x_wconf 87' lang='lat' dir='ltr'>Romano</span> <span class='ocrx_word' id='word_1_61' title='bbox 1740 1205 1940 1268; x_wconf 88' lang='lat' dir='ltr'>libera</span> <span class='ocrx_word' id='word_1_62' title='bbox 1965 1227 2102 1268; x_wconf 91' lang='lat' dir='ltr'>esse</span> <span class='ocrx_word' id='word_1_63' title='bbox 2135 1207 2412 1269; x_wconf 84' lang='lat' dir='ltr'>deberet.</span> <span class='ocrx_word' id='word_1_64' title='bbox 2459 1209 2683 1271; x_wconf 90' lang='lat' dir='ltr'>aduer-</span> 
     </span>
     <span class='ocr_line' id='line_1_13' title="bbox 558 1303 2684 1391; baseline -0 -19"><span class='ocrx_word' id='word_1_65' title='bbox 558 1331 666 1372; x_wconf 92' lang='lat' dir='ltr'>sus</span> <span class='ocrx_word' id='word_1_66' title='bbox 697 1329 844 1370; x_wconf 89' lang='lat' dir='ltr'>eum</span> <span class='ocrx_word' id='word_1_67' title='bbox 878 1309 956 1370; x_wconf 91' lang='lat' dir='ltr'>P.</span> <span class='ocrx_word' id='word_1_68' title='bbox 993 1303 1284 1370; x_wconf 89' lang='lat' dir='ltr'>Licinius</span> <span class='ocrx_word' id='word_1_69' title='bbox 1315 1309 1583 1371; x_wconf 86' lang='lat' dir='ltr'>Crassus</span> <span class='ocrx_word' id='word_1_70' title='bbox 1612 1330 1776 1386; x_wconf 64' lang='lat' dir='ltr'>cos„</span> <span class='ocrx_word' id='word_1_71' title='bbox 1810 1329 1960 1370; x_wconf 92' lang='lat' dir='ltr'>cum</span> <span class='ocrx_word' id='word_1_72' title='bbox 1999 1308 2172 1370; x_wconf 91' lang='lat' dir='ltr'>idem</span> <span class='ocrx_word' id='word_1_73' title='bbox 2215 1309 2510 1391; x_wconf 86' lang='lat' dir='ltr'>pontifex</span> <span class='ocrx_word' id='word_1_74' title='bbox 2549 1331 2684 1371; x_wconf 90' lang='lat' dir='ltr'>ma-</span> 
     </span>
    </p>
   </div>
   <div class='ocr_carea' id='block_1_8' title="bbox 442 1408 2680 1492">
    <p class='ocr_par' dir='ltr' id='par_1_8' title="bbox 442 1408 2680 1492">
     <span class='ocr_line' id='line_1_14' title="bbox 442 1408 2680 1492; baseline 0 -19"><span class='ocrx_word' id='word_1_75' title='bbox 442 1483 449 1489; x_wconf 38' lang='lat'><em>,</em></span> <span class='ocrx_word' id='word_1_76' title='bbox 556 1410 770 1474; x_wconf 83' lang='lat' dir='ltr'>ximus</span> <span class='ocrx_word' id='word_1_77' title='bbox 803 1420 1004 1486; x_wconf 89' lang='lat' dir='ltr'>esset,</span> <span class='ocrx_word' id='word_1_78' title='bbox 1039 1411 1210 1492; x_wconf 90' lang='lat' dir='ltr'>quod</span> <span class='ocrx_word' id='word_1_79' title='bbox 1239 1431 1597 1492; x_wconf 85' lang='lat' dir='ltr'>numquam</span> <span class='ocrx_word' id='word_1_80' title='bbox 1626 1421 1818 1473; x_wconf 90' lang='lat' dir='ltr'>antea</span> <span class='ocrx_word' id='word_1_81' title='bbox 1844 1411 2092 1472; x_wconf 84' lang='lat' dir='ltr'>factum</span> <span class='ocrx_word' id='word_1_82' title='bbox 2122 1420 2289 1486; x_wconf 83' lang='lat' dir='ltr'>erat,</span> <span class='ocrx_word' id='word_1_83' title='bbox 2338 1422 2519 1474; x_wconf 90' lang='lat' dir='ltr'>extra</span> <span class='ocrx_word' id='word_1_84' title='bbox 2542 1408 2680 1474; x_wconf 75' lang='lat' dir='ltr'>¹Ita-</span> 
     </span>
    </p>
   </div>
   <div class='ocr_carea' id='block_1_9' title="bbox 537 1503 2787 3224">
    <p class='ocr_par' dir='ltr' id='par_1_9' title="bbox 537 1503 2787 3224">
     <span class='ocr_line' id='line_1_15' title="bbox 553 1503 2787 1602; baseline 0 -27"><span class='ocrx_word' id='word_1_85' title='bbox 553 1512 711 1575; x_wconf 83' lang='lat' dir='ltr'>liam</span> <span class='ocrx_word' id='word_1_86' title='bbox 739 1503 1060 1595; x_wconf 80' lang='lat' dir='ltr'>profectus</span> <span class='ocrx_word' id='word_1_87' title='bbox 1097 1511 1341 1592; x_wconf 89' lang='lat' dir='ltr'>proelio</span> <span class='ocrx_word' id='word_1_88' title='bbox 1383 1511 1597 1574; x_wconf 85' lang='lat' dir='ltr'>uictus</span> <span class='ocrx_word' id='word_1_89' title='bbox 1643 1521 1707 1574; x_wconf 93' lang='lat' dir='ltr'>et</span> <span class='ocrx_word' id='word_1_90' title='bbox 1751 1510 1995 1574; x_wconf 90' lang='lat' dir='ltr'>occisus</span> <span class='ocrx_word' id='word_1_91' title='bbox 2040 1521 2157 1574; x_wconf 87' lang='lat' dir='ltr'>est.</span> <span class='ocrx_word' id='word_1_92' title='bbox 2221 1513 2316 1574; x_wconf 93' lang='lat' dir='ltr'>M.</span> <span class='ocrx_word' id='word_1_93' title='bbox 2356 1514 2683 1602; x_wconf 74' lang='lat' dir='ltr'>Perperna</span> <span class='ocrx_word' id='word_1_94' title='bbox 2720 1526 2787 1576; x_wconf 87' lang='lat'>10</span> 
     </span>
     <span class='ocr_line' id='line_1_16' title="bbox 554 1612 2679 1696; baseline -0 -18"><span class='ocrx_word' id='word_1_95' title='bbox 554 1637 683 1678; x_wconf 86' lang='lat' dir='ltr'>cos.</span> <span class='ocrx_word' id='word_1_96' title='bbox 720 1614 970 1676; x_wconf 88' lang='lat' dir='ltr'>uictum</span> <span class='ocrx_word' id='word_1_97' title='bbox 1011 1612 1450 1676; x_wconf 86' lang='lat' dir='ltr'>Aristonicum</span> <span class='ocrx_word' id='word_1_98' title='bbox 1494 1612 1566 1675; x_wconf 91' lang='lat' dir='ltr'>in</span> <span class='ocrx_word' id='word_1_99' title='bbox 1610 1612 2005 1676; x_wconf 85' lang='lat' dir='ltr'>deditionem</span> <span class='ocrx_word' id='word_1_100' title='bbox 2049 1613 2315 1696; x_wconf 88' lang='lat' dir='ltr'>accepit.</span> <span class='ocrx_word' id='word_1_101' title='bbox 2368 1615 2450 1682; x_wconf 86' lang='lat' dir='ltr'>Q.</span> <span class='ocrx_word' id='word_1_102' title='bbox 2489 1616 2679 1677; x_wconf 91' lang='lat' dir='ltr'>Pom-</span> 
     </span>
     <span class='ocr_line' id='line_1_17' title="bbox 552 1715 2677 1798; baseline 0 -20"><span class='ocrx_word' id='word_1_103' title='bbox 552 1716 736 1798; x_wconf 90' lang='lat' dir='ltr'>peius</span> <span class='ocrx_word' id='word_1_104' title='bbox 782 1716 864 1783; x_wconf 86' lang='lat' dir='ltr'>Q.</span> <span class='ocrx_word' id='word_1_105' title='bbox 917 1715 1221 1778; x_wconf 88' lang='lat' dir='ltr'>Metellus</span> <span class='ocrx_word' id='word_1_106' title='bbox 1239 1762 1260 1790; x_wconf 86' lang='lat'><em>,</em></span> <span class='ocrx_word' id='word_1_107' title='bbox 1325 1725 1480 1776; x_wconf 91' lang='lat' dir='ltr'>tunc</span> <span class='ocrx_word' id='word_1_108' title='bbox 1518 1715 1801 1796; x_wconf 90' lang='lat' dir='ltr'>primum</span> <span class='ocrx_word' id='word_1_109' title='bbox 1848 1726 2116 1797; x_wconf 84' lang='lat' dir='ltr'>uterque</span> <span class='ocrx_word' id='word_1_110' title='bbox 2159 1736 2239 1778; x_wconf 91' lang='lat' dir='ltr'>ex</span> <span class='ocrx_word' id='word_1_111' title='bbox 2290 1715 2477 1798; x_wconf 87' lang='lat' dir='ltr'>plebe</span> <span class='ocrx_word' id='word_1_112' title='bbox 2522 1717 2677 1779; x_wconf 91' lang='lat' dir='ltr'>facti</span> 
     </span>
     <span class='ocr_line' id='line_1_18' title="bbox 553 1815 2679 1899; baseline 0 -21"><span class='ocrx_word' id='word_1_113' title='bbox 553 1838 842 1879; x_wconf 84' lang='lat' dir='ltr'>censores</span> <span class='ocrx_word' id='word_1_114' title='bbox 862 1863 880 1890; x_wconf 88' lang='lat'><strong><em>,</em></strong></span> <span class='ocrx_word' id='word_1_115' title='bbox 936 1815 1216 1878; x_wconf 90' lang='lat' dir='ltr'>lustrum</span> <span class='ocrx_word' id='word_1_116' title='bbox 1258 1815 1704 1878; x_wconf 88' lang='lat' dir='ltr'>condiderunt.</span> <span class='ocrx_word' id='word_1_117' title='bbox 1774 1838 1967 1879; x_wconf 89' lang='lat' dir='ltr'>censa</span> <span class='ocrx_word' id='word_1_118' title='bbox 2008 1828 2162 1880; x_wconf 90' lang='lat' dir='ltr'>sunt</span> <span class='ocrx_word' id='word_1_119' title='bbox 2192 1817 2436 1880; x_wconf 90' lang='lat' dir='ltr'>ciuium</span> <span class='ocrx_word' id='word_1_120' title='bbox 2466 1817 2679 1899; x_wconf 87' lang='lat' dir='ltr'>capita</span> 
     </span>
     <span class='ocr_line' id='line_1_19' title="bbox 551 1917 2675 2002; baseline 0 -19"><span class='ocrx_word' id='word_1_121' title='bbox 551 1938 838 1982; x_wconf 84' lang='lat' dir='ltr'>cccxvm</span> <span class='ocrx_word' id='word_1_122' title='bbox 869 1937 1205 2002; x_wconf 78' lang='lat' dir='ltr'>ncocxxrn</span> <span class='ocrx_word' id='word_1_123' title='bbox 1237 1927 1488 2002; x_wconf 87' lang='lat' dir='ltr'>praeter</span> <span class='ocrx_word' id='word_1_124' title='bbox 1517 1917 1799 2000; x_wconf 89' lang='lat' dir='ltr'>pupillos</span> <span class='ocrx_word' id='word_1_125' title='bbox 1830 1928 1895 1981; x_wconf 87' lang='lat' dir='ltr'>et</span> <span class='ocrx_word' id='word_1_126' title='bbox 1926 1919 2181 1982; x_wconf 86' lang='lat' dir='ltr'>uiduas.</span> <span class='ocrx_word' id='word_1_127' title='bbox 2248 1921 2330 1987; x_wconf 84' lang='lat' dir='ltr'>Q.</span> <span class='ocrx_word' id='word_1_128' title='bbox 2369 1921 2675 1984; x_wconf 89' lang='lat' dir='ltr'>Metellus</span> 
     </span>
     <span class='ocr_line' id='line_1_20' title="bbox 551 2018 2776 2102; baseline 0 -20"><span class='ocrx_word' id='word_1_129' title='bbox 551 2041 776 2082; x_wconf 88' lang='lat' dir='ltr'>censor</span> <span class='ocrx_word' id='word_1_130' title='bbox 803 2018 1091 2095; x_wconf 90' lang='lat' dir='ltr'>censuit,</span> <span class='ocrx_word' id='word_1_131' title='bbox 1139 2029 1214 2082; x_wconf 90' lang='lat' dir='ltr'>ut</span> <span class='ocrx_word' id='word_1_132' title='bbox 1258 2030 1639 2102; x_wconf 84' lang='lat' dir='ltr'>cogerentur</span> <span class='ocrx_word' id='word_1_133' title='bbox 1669 2041 1889 2082; x_wconf 89' lang='lat' dir='ltr'>omnes</span> <span class='ocrx_word' id='word_1_134' title='bbox 1920 2023 2151 2084; x_wconf 92' lang='lat' dir='ltr'>ducere</span> <span class='ocrx_word' id='word_1_135' title='bbox 2182 2043 2413 2086; x_wconf 87' lang='lat' dir='ltr'>uxores</span> <span class='ocrx_word' id='word_1_136' title='bbox 2444 2022 2673 2085; x_wconf 89' lang='lat' dir='ltr'>libero·</span> <span class='ocrx_word' id='word_1_137' title='bbox 2712 2035 2776 2083; x_wconf 87' lang='lat'>15</span> 
     </span>
     <span class='ocr_line' id='line_1_21' title="bbox 548 2120 2673 2206; baseline 0.001 -21"><span class='ocrx_word' id='word_1_138' title='bbox 548 2144 695 2185; x_wconf 86' lang='lat' dir='ltr'>rum</span> <span class='ocrx_word' id='word_1_139' title='bbox 725 2121 1142 2184; x_wconf 90' lang='lat' dir='ltr'>creandorum</span> <span class='ocrx_word' id='word_1_140' title='bbox 1171 2143 1387 2184; x_wconf 85' lang='lat' dir='ltr'>causa.-</span> <span class='ocrx_word' id='word_1_141' title='bbox 1435 2132 1615 2183; x_wconf 91' lang='lat' dir='ltr'>extat</span> <span class='ocrx_word' id='word_1_142' title='bbox 1658 2120 1857 2185; x_wconf 89' lang='lat' dir='ltr'>oratio</span> <span class='ocrx_word' id='word_1_143' title='bbox 1889 2121 2061 2198; x_wconf 80' lang='lat' dir='ltr'>eiuS,</span> <span class='ocrx_word' id='word_1_144' title='bbox 2112 2144 2306 2206; x_wconf 89' lang='lat' dir='ltr'>quam</span> <span class='ocrx_word' id='word_1_145' title='bbox 2336 2126 2673 2206; x_wconf 91' lang='lat' dir='ltr'>Augustus</span> 
     </span>
     <span class='ocr_line' id='line_1_22' title="bbox 549 2221 2669 2307; baseline 0 -19"><span class='ocrx_word' id='word_1_146' title='bbox 549 2226 819 2299; x_wconf 86' lang='lat' dir='ltr'>Caesar,</span> <span class='ocrx_word' id='word_1_147' title='bbox 855 2244 1005 2285; x_wconf 92' lang='lat' dir='ltr'>cum</span> <span class='ocrx_word' id='word_1_148' title='bbox 1035 2223 1112 2285; x_wconf 92' lang='lat' dir='ltr'>de</span> <span class='ocrx_word' id='word_1_149' title='bbox 1138 2221 1519 2286; x_wconf 89' lang='lat' dir='ltr'>maritandis</span> <span class='ocrx_word' id='word_1_150' title='bbox 1551 2222 1879 2286; x_wconf 86' lang='lat' dir='ltr'>ordinibus</span> <span class='ocrx_word' id='word_1_151' title='bbox 1900 2222 2162 2307; x_wconf 80' lang='lat' dir='ltr'>ageret,</span> <span class='ocrx_word' id='word_1_152' title='bbox 2198 2225 2381 2288; x_wconf 83' lang='lat' dir='ltr'>uelut</span> <span class='ocrx_word' id='word_1_153' title='bbox 2412 2225 2481 2288; x_wconf 92' lang='lat' dir='ltr'>in</span> <span class='ocrx_word' id='word_1_154' title='bbox 2510 2225 2669 2288; x_wconf 89' lang='lat' dir='ltr'>haec</span> 
     </span>
     <span class='ocr_line' id='line_1_23' title="bbox 547 2323 2670 2409; baseline 0 -19"><span class='ocrx_word' id='word_1_155' title='bbox 547 2338 835 2409; x_wconf 90' lang='lat' dir='ltr'>tempora</span> <span class='ocrx_word' id='word_1_156' title='bbox 879 2323 1184 2408; x_wconf 85' lang='lat' dir='ltr'>scriptam</span> <span class='ocrx_word' id='word_1_157' title='bbox 1227 2323 1297 2386; x_wconf 90' lang='lat' dir='ltr'>in</span> <span class='ocrx_word' id='word_1_158' title='bbox 1343 2335 1575 2388; x_wconf 88' lang='lat' dir='ltr'>senatu</span> <span class='ocrx_word' id='word_1_159' title='bbox 1608 2325 1949 2392; x_wconf 72' lang='lat' dir='ltr'>recitauit.</span> <span class='ocrx_word' id='word_1_160' title='bbox 2025 2328 2100 2390; x_wconf 92' lang='lat' dir='ltr'>C.</span> <span class='ocrx_word' id='word_1_161' title='bbox 2147 2326 2409 2392; x_wconf 91' lang='lat' dir='ltr'>Atinius</span> <span class='ocrx_word' id='word_1_162' title='bbox 2452 2329 2670 2390; x_wconf 90' lang='lat' dir='ltr'>Labeo</span> 
     </span>
     <span class='ocr_line' id='line_1_24' title="bbox 545 2422 2670 2513; baseline 0 -21"><span class='ocrx_word' id='word_1_163' title='bbox 545 2430 694 2493; x_wconf 87' lang='lat' dir='ltr'>trib.</span> <span class='ocrx_word' id='word_1_164' title='bbox 729 2430 900 2513; x_wconf 91' lang='lat' dir='ltr'>pleb.</span> <span class='ocrx_word' id='word_1_165' title='bbox 938 2429 1020 2496; x_wconf 86' lang='lat' dir='ltr'>Q.</span> <span class='ocrx_word' id='word_1_166' title='bbox 1058 2428 1398 2491; x_wconf 90' lang='lat' dir='ltr'>Metellum</span> <span class='ocrx_word' id='word_1_167' title='bbox 1429 2450 1778 2505; x_wconf 87' lang='lat' dir='ltr'>censorem,</span> <span class='ocrx_word' id='word_1_168' title='bbox 1817 2452 1856 2491; x_wconf 94' lang='lat' dir='ltr'>a</span> <span class='ocrx_word' id='word_1_169' title='bbox 1878 2451 2003 2511; x_wconf 91' lang='lat' dir='ltr'>quo</span> <span class='ocrx_word' id='word_1_170' title='bbox 2033 2429 2105 2490; x_wconf 90' lang='lat' dir='ltr'>in</span> <span class='ocrx_word' id='word_1_171' title='bbox 2140 2422 2370 2492; x_wconf 63' lang='lat' dir='ltr'>sen&#39;atu</span> <span class='ocrx_word' id='word_1_172' title='bbox 2398 2431 2670 2513; x_wconf 89' lang='lat' dir='ltr'>legendo</span> 
     </span>
     <span class='ocr_line' id='line_1_25' title="bbox 542 2519 2775 2616; baseline -0 -22"><span class='ocrx_word' id='word_1_173' title='bbox 542 2532 924 2616; x_wconf 88' lang='lat' dir='ltr'>praeteritus</span> <span class='ocrx_word' id='word_1_174' title='bbox 957 2540 1126 2607; x_wconf 85' lang='lat' dir='ltr'>erat,</span> <span class='ocrx_word' id='word_1_175' title='bbox 1175 2533 1254 2594; x_wconf 92' lang='lat' dir='ltr'>de</span> <span class='ocrx_word' id='word_1_176' title='bbox 1285 2519 1441 2593; x_wconf 81' lang='lat' dir='ltr'>saxo</span> <span class='ocrx_word' id='word_1_177' title='bbox 1483 2530 1649 2594; x_wconf 90' lang='lat' dir='ltr'>deici</span> <span class='ocrx_word' id='word_1_178' title='bbox 1678 2529 1873 2593; x_wconf 80' lang='lat' dir='ltr'>iussit</span> <span class='ocrx_word' id='word_1_179' title='bbox 1884 2554 1903 2605; x_wconf 86' lang='lat'>3</span> <span class='ocrx_word' id='word_1_180' title='bbox 1956 2532 2123 2613; x_wconf 89' lang='lat' dir='ltr'>quod</span> <span class='ocrx_word' id='word_1_181' title='bbox 2157 2553 2239 2593; x_wconf 90' lang='lat' dir='ltr'>ne</span> <span class='ocrx_word' id='word_1_182' title='bbox 2268 2533 2449 2594; x_wconf 87' lang='lat' dir='ltr'>fieret</span> <span class='ocrx_word' id='word_1_183' title='bbox 2478 2532 2673 2595; x_wconf 90' lang='lat' dir='ltr'>ceteri</span> <span class='ocrx_word' id='word_1_184' title='bbox 2702 2545 2775 2593; x_wconf 88' lang='lat'>20</span> 
     </span>
     <span class='ocr_line' id='line_1_26' title="bbox 544 2631 2668 2715; baseline -0 -19"><span class='ocrx_word' id='word_1_185' title='bbox 544 2633 789 2696; x_wconf 86' lang='lat' dir='ltr'>tribuni</span> <span class='ocrx_word' id='word_1_186' title='bbox 817 2632 1021 2715; x_wconf 90' lang='lat' dir='ltr'>plebis</span> <span class='ocrx_word' id='word_1_187' title='bbox 1054 2631 1297 2695; x_wconf 89' lang='lat' dir='ltr'>auxilio</span> <span class='ocrx_word' id='word_1_188' title='bbox 1329 2633 1615 2696; x_wconf 89' lang='lat' dir='ltr'>fuerunt.</span> <span class='ocrx_word' id='word_1_189' title='bbox 1668 2654 1817 2694; x_wconf 90' lang='lat' dir='ltr'>cum</span> <span class='ocrx_word' id='word_1_190' title='bbox 1853 2633 2062 2695; x_wconf 86' lang='lat' dir='ltr'>Carbo</span> <span class='ocrx_word' id='word_1_191' title='bbox 2094 2632 2242 2695; x_wconf 87' lang='lat' dir='ltr'>trib.</span> <span class='ocrx_word' id='word_1_192' title='bbox 2279 2632 2449 2715; x_wconf 91' lang='lat' dir='ltr'>pleb.</span> <span class='ocrx_word' id='word_1_193' title='bbox 2486 2654 2668 2715; x_wconf 89' lang='lat' dir='ltr'>roga-</span> 
     </span>
     <span class='ocr_line' id='line_1_27' title="bbox 541 2732 2665 2817; baseline -0.001 -20"><span class='ocrx_word' id='word_1_194' title='bbox 541 2735 785 2797; x_wconf 86' lang='lat' dir='ltr'>tionem</span> <span class='ocrx_word' id='word_1_195' title='bbox 815 2733 1108 2813; x_wconf 85' lang='lat' dir='ltr'>tulisset,</span> <span class='ocrx_word' id='word_1_196' title='bbox 1145 2743 1220 2796; x_wconf 92' lang='lat' dir='ltr'>ut</span> <span class='ocrx_word' id='word_1_197' title='bbox 1249 2736 1530 2797; x_wconf 88' lang='lat' dir='ltr'>eundem</span> <span class='ocrx_word' id='word_1_198' title='bbox 1558 2732 1897 2795; x_wconf 89' lang='lat' dir='ltr'>tribunum</span> <span class='ocrx_word' id='word_1_199' title='bbox 1929 2734 2104 2815; x_wconf 91' lang='lat' dir='ltr'>plebi</span> <span class='ocrx_word' id='word_1_200' title='bbox 2134 2733 2434 2817; x_wconf 90' lang='lat' dir='ltr'>quotiens</span> <span class='ocrx_word' id='word_1_201' title='bbox 2464 2734 2665 2796; x_wconf 89' lang='lat' dir='ltr'>uellet</span> 
     </span>
     <span class='ocr_line' id='line_1_28' title="bbox 541 2833 2663 2918; baseline -0 -19"><span class='ocrx_word' id='word_1_202' title='bbox 541 2858 752 2899; x_wconf 89' lang='lat' dir='ltr'>creare</span> <span class='ocrx_word' id='word_1_203' title='bbox 782 2836 1022 2911; x_wconf 86' lang='lat' dir='ltr'>liceret,</span> <span class='ocrx_word' id='word_1_204' title='bbox 1055 2833 1450 2917; x_wconf 85' lang='lat' dir='ltr'>rogationem</span> <span class='ocrx_word' id='word_1_205' title='bbox 1480 2834 1618 2897; x_wconf 88' lang='lat' dir='ltr'>eius</span> <span class='ocrx_word' id='word_1_206' title='bbox 1645 2836 1725 2897; x_wconf 91' lang='lat' dir='ltr'>P.</span> <span class='ocrx_word' id='word_1_207' title='bbox 1742 2834 2085 2899; x_wconf 87' lang='lat' dir='ltr'>Africanus</span> <span class='ocrx_word' id='word_1_208' title='bbox 2114 2835 2499 2918; x_wconf 90' lang='lat' dir='ltr'>grauissima</span> <span class='ocrx_word' id='word_1_209' title='bbox 2528 2857 2663 2898; x_wconf 90' lang='lat' dir='ltr'>ora—</span> 
     </span>
     <span class='ocr_line' id='line_1_29' title="bbox 539 2934 2668 3020; baseline -0 -20"><span class='ocrx_word' id='word_1_210' title='bbox 539 2938 714 3001; x_wconf 88' lang='lat' dir='ltr'>tione</span> <span class='ocrx_word' id='word_1_211' title='bbox 765 2935 1102 3013; x_wconf 87' lang='lat' dir='ltr'>dissuasit,</span> <span class='ocrx_word' id='word_1_212' title='bbox 1148 2936 1219 2998; x_wconf 91' lang='lat' dir='ltr'>in</span> <span class='ocrx_word' id='word_1_213' title='bbox 1263 2957 1392 3020; x_wconf 89' lang='lat' dir='ltr'>qua</span> <span class='ocrx_word' id='word_1_214' title='bbox 1436 2934 1603 2998; x_wconf 85' lang='lat' dir='ltr'>dixit</span> <span class='ocrx_word' id='word_1_215' title='bbox 1662 2936 1763 3000; x_wconf 90' lang='lat' dir='ltr'>Ti.</span> <span class='ocrx_word' id='word_1_216' title='bbox 1816 2937 2187 3001; x_wconf 86' lang='lat' dir='ltr'>Gracchum</span> <span class='ocrx_word' id='word_1_217' title='bbox 2226 2936 2363 2998; x_wconf 88' lang='lat' dir='ltr'>iure</span> <span class='ocrx_word' id='word_1_218' title='bbox 2408 2958 2668 3000; x_wconf 90' lang='lat' dir='ltr'>caesum</span> 
     </span>
     <span class='ocr_line' id='line_1_30' title="bbox 537 3037 2767 3125; baseline -0.001 -24"><span class='ocrx_word' id='word_1_219' title='bbox 537 3037 766 3101; x_wconf 91' lang='lat' dir='ltr'>uideri.</span> <span class='ocrx_word' id='word_1_220' title='bbox 832 3040 906 3103; x_wconf 94' lang='lat' dir='ltr'>C.</span> <span class='ocrx_word' id='word_1_221' title='bbox 947 3038 1277 3125; x_wconf 83' lang='lat' dir='ltr'>Gracchus</span> <span class='ocrx_word' id='word_1_222' title='bbox 1325 3047 1547 3101; x_wconf 88' lang='lat' dir='ltr'>contra</span> <span class='ocrx_word' id='word_1_223' title='bbox 1578 3038 1780 3102; x_wconf 86' lang='lat' dir='ltr'>suasit</span> <span class='ocrx_word' id='word_1_224' title='bbox 1808 3038 2245 3122; x_wconf 90' lang='lat' dir='ltr'>rogationem,</span> <span class='ocrx_word' id='word_1_225' title='bbox 2295 3040 2407 3101; x_wconf 91' lang='lat' dir='ltr'>sed</span> <span class='ocrx_word' id='word_1_226' title='bbox 2448 3037 2666 3121; x_wconf 87' lang='lat' dir='ltr'>Scipio</span> <span class='ocrx_word' id='word_1_227' title='bbox 2698 3049 2767 3099; x_wconf 87' lang='grc'>25</span> 
     </span>
     <span class='ocr_line' id='line_1_31' title="bbox 537 3140 2664 3224; baseline -0 -22"><span class='ocrx_word' id='word_1_228' title='bbox 537 3140 770 3203; x_wconf 87' lang='lat' dir='ltr'>tenuit.</span> <span class='ocrx_word' id='word_1_229' title='bbox 798 3140 970 3204; x_wconf 88' lang='lat' dir='ltr'>bella</span> <span class='ocrx_word' id='word_1_230' title='bbox 983 3140 1153 3203; x_wconf 86' lang='lat' dir='ltr'>inter</span> <span class='ocrx_word' id='word_1_231' title='bbox 1164 3140 1564 3204; x_wconf 84' lang='lat' dir='ltr'>Antiochum</span> <span class='ocrx_word' id='word_1_232' title='bbox 1589 3140 1810 3224; x_wconf 85' lang='lat' dir='ltr'>Syriae</span> <span class='ocrx_word' id='word_1_233' title='bbox 1834 3151 1898 3204; x_wconf 92' lang='lat' dir='ltr'>et</span> <span class='ocrx_word' id='word_1_234' title='bbox 1922 3140 2249 3203; x_wconf 88' lang='lat' dir='ltr'>Phraaten</span> <span class='ocrx_word' id='word_1_235' title='bbox 2273 3140 2664 3203; x_wconf 90' lang='lat' dir='ltr'>Parthorum</span> 
     </span>
    </p>
   </div>
   <div class='ocr_carea' id='block_1_10' title="bbox 551 1906 830 1916">
    <p class='ocr_par' dir='ltr' id='par_1_10' title="bbox 551 1906 830 1916">
     <span class='ocr_line' id='line_1_32' title="bbox 551 1906 830 1916; baseline 0 2907"><span class='ocrx_word' id='word_1_236' title='bbox 551 1906 830 1916; x_wconf 95' lang='lat' dir='ltr'> </span> 
     </span>
    </p>
   </div>
   <div class='ocr_carea' id='block_1_11' title="bbox 536 3384 2662 3456">
    <p class='ocr_par' dir='ltr' id='par_1_11' title="bbox 536 3384 2662 3456">
     <span class='ocr_line' id='line_1_33' title="bbox 536 3384 2662 3456; baseline -0.001 -18"><span class='ocrx_word' id='word_1_237' title='bbox 536 3389 565 3438; x_wconf 88' lang='grc'><strong>2</strong></span> <span class='ocrx_word' id='word_1_238' title='bbox 592 3386 732 3437; x_wconf 90' lang='lat' dir='ltr'>fame</span> <span class='ocrx_word' id='word_1_239' title='bbox 756 3386 989 3438; x_wconf 86' lang='lat' dir='ltr'>maxime</span> <span class='ocrx_word' id='word_1_240' title='bbox 1015 3404 1045 3437; x_wconf 85' lang='lat' dir='ltr'>r</span> <span class='ocrx_word' id='word_1_241' title='bbox 1071 3386 1088 3455; x_wconf 74' lang='grc' dir='ltr'>ΙΙ</span> <span class='ocrx_word' id='word_1_242' title='bbox 1115 3386 1264 3439; x_wconf 87' lang='lat' dir='ltr'>uices</span> <span class='ocrx_word' id='word_1_243' title='bbox 1291 3404 1356 3449; x_wconf 75' lang='grc' dir='ltr'>ςν</span> <span class='ocrx_word' id='word_1_244' title='bbox 1382 3386 1399 3455; x_wconf 82' lang='grc' dir='ltr'>ΙΙ</span> <span class='ocrx_word' id='word_1_245' title='bbox 1437 3387 1713 3440; x_wconf 84' lang='lat' dir='ltr'>tradentes</span> <span class='ocrx_word' id='word_1_246' title='bbox 1756 3405 1839 3439; x_wconf 87' lang='lat' dir='ltr'>om</span> <span class='ocrx_word' id='word_1_247' title='bbox 1876 3404 1907 3437; x_wconf 83' lang='lat' dir='ltr'>r</span> <span class='ocrx_word' id='word_1_248' title='bbox 1932 3386 1949 3455; x_wconf 79' lang='grc' dir='ltr'>ΙΙ</span> <span class='ocrx_word' id='word_1_249' title='bbox 1978 3388 2009 3437; x_wconf 92' lang='grc'>4</span> <span class='ocrx_word' id='word_1_250' title='bbox 2046 3402 2216 3439; x_wconf 89' lang='lat' dir='ltr'>annos</span> <span class='ocrx_word' id='word_1_251' title='bbox 2251 3398 2335 3449; x_wconf 81' lang='grc' dir='ltr'>Νς</span> <span class='ocrx_word' id='word_1_252' title='bbox 2356 3388 2377 3456; x_wconf 71' lang='grc' dir='ltr'>ΙΙ</span> <span class='ocrx_word' id='word_1_253' title='bbox 2404 3384 2662 3453; x_wconf 87' lang='lat' dir='ltr'>Rupilius</span> 
     </span>
    </p>
   </div>
   <div class='ocr_carea' id='block_1_12' title="bbox 421 3462 2657 3533">
    <p class='ocr_par' dir='ltr' id='par_1_12' title="bbox 421 3462 2657 3533">
     <span class='ocr_line' id='line_1_34' title="bbox 421 3462 2657 3533; baseline -0.001 -18"><span class='ocrx_word' id='word_1_254' title='bbox 421 3491 429 3497; x_wconf 91' lang='lat'><strong>·</strong></span> <span class='ocrx_word' id='word_1_255' title='bbox 535 3463 815 3531; x_wconf 72' lang='lat' dir='ltr'>Siqonius:</span> <span class='ocrx_word' id='word_1_256' title='bbox 852 3463 1070 3517; x_wconf 88' lang='lat' dir='ltr'>rutilius</span> <span class='ocrx_word' id='word_1_257' title='bbox 1091 3482 1160 3533; x_wconf 76' lang='lat' dir='ltr'>y,</span> <span class='ocrx_word' id='word_1_258' title='bbox 1201 3464 1386 3516; x_wconf 89' lang='lat' dir='ltr'>atilius</span> <span class='ocrx_word' id='word_1_259' title='bbox 1435 3476 1547 3527; x_wconf 81' lang='grc' dir='ltr'>Νς,</span> <span class='ocrx_word' id='word_1_260' title='bbox 1590 3464 1820 3517; x_wconf 84' lang='lat' dir='ltr'>Attilius</span> <span class='ocrx_word' id='word_1_261' title='bbox 1857 3482 1888 3515; x_wconf 82' lang='lat' dir='ltr'>r</span> <span class='ocrx_word' id='word_1_262' title='bbox 1914 3465 1931 3533; x_wconf 81' lang='grc' dir='ltr'>ΙΙ</span> <span class='ocrx_word' id='word_1_263' title='bbox 1960 3468 1991 3515; x_wconf 87' lang='grc'><strong>6</strong></span> <span class='ocrx_word' id='word_1_264' title='bbox 2028 3464 2172 3533; x_wconf 86' lang='lat' dir='ltr'>regis</span> <span class='ocrx_word' id='word_1_265' title='bbox 2210 3464 2452 3516; x_wconf 83' lang='lat' dir='ltr'>eumenis</span> <span class='ocrx_word' id='word_1_266' title='bbox 2492 3480 2557 3524; x_wconf 79' lang='grc' dir='ltr'>ςν</span> <span class='ocrx_word' id='word_1_267' title='bbox 2582 3462 2601 3532; x_wconf 77' lang='lat' dir='ltr'>{l</span> <span class='ocrx_word' id='word_1_268' title='bbox 2630 3466 2657 3513; x_wconf 86' lang='lat'>7</span> 
     </span>
    </p>
   </div>
   <div class='ocr_carea' id='block_1_13' title="bbox 523 3540 2660 4159">
    <p class='ocr_par' dir='ltr' id='par_1_13' title="bbox 523 3540 2660 4159">
     <span class='ocr_line' id='line_1_35' title="bbox 531 3540 2659 3612; baseline -0.001 -18"><span class='ocrx_word' id='word_1_269' title='bbox 531 3542 720 3612; x_wconf 90' lang='lat' dir='ltr'>populi</span> <span class='ocrx_word' id='word_1_270' title='bbox 743 3543 952 3594; x_wconf 87' lang='lat' dir='ltr'>romani</span> <span class='ocrx_word' id='word_1_271' title='bbox 973 3554 1054 3611; x_wconf 74' lang='lat' dir='ltr'>Ny</span> <span class='ocrx_word' id='word_1_272' title='bbox 1081 3544 1098 3612; x_wconf 81' lang='grc' dir='ltr'>ΙΙ</span> <span class='ocrx_word' id='word_1_273' title='bbox 1125 3542 1385 3595; x_wconf 86' lang='lat' dir='ltr'>deberent</span> <span class='ocrx_word' id='word_1_274' title='bbox 1417 3554 1468 3595; x_wconf 99' lang='lat' dir='ltr'><em>N</em></span> <span class='ocrx_word' id='word_1_275' title='bbox 1489 3542 1506 3611; x_wconf 77' lang='lat' dir='ltr'>ss</span> <span class='ocrx_word' id='word_1_276' title='bbox 1535 3545 1565 3594; x_wconf 88' lang='grc'>9</span> <span class='ocrx_word' id='word_1_277' title='bbox 1602 3551 1744 3596; x_wconf 83' lang='lat' dir='ltr'>esset</span> <span class='ocrx_word' id='word_1_278' title='bbox 1784 3562 1865 3595; x_wconf 86' lang='lat' dir='ltr'>om</span> <span class='ocrx_word' id='word_1_279' title='bbox 1906 3554 1989 3605; x_wconf 83' lang='grc' dir='ltr'>Νς</span> <span class='ocrx_word' id='word_1_280' title='bbox 2014 3543 2031 3612; x_wconf 78' lang='grc' dir='ltr'>ΙΙ</span> <span class='ocrx_word' id='word_1_281' title='bbox 2076 3546 2137 3595; x_wconf 86' lang='grc'>10</span> <span class='ocrx_word' id='word_1_282' title='bbox 2182 3544 2541 3612; x_wconf 83' lang='lat' dir='ltr'>interemptus</span> <span class='ocrx_word' id='word_1_283' title='bbox 2582 3558 2613 3592; x_wconf 88' lang='lat' dir='ltr'>r</span> <span class='ocrx_word' id='word_1_284' title='bbox 2639 3540 2659 3609; x_wconf 71' lang='lat' dir='ltr'>fl</span> 
     </span>
     <span class='ocr_line' id='line_1_36' title="bbox 530 3618 2659 3691; baseline -0.002 -18"><span class='ocrx_word' id='word_1_285' title='bbox 530 3638 805 3691; x_wconf 86' lang='lat' dir='ltr'>perpenna</span> <span class='ocrx_word' id='word_1_286' title='bbox 830 3638 896 3682; x_wconf 78' lang='grc' dir='ltr'>ςν</span> <span class='ocrx_word' id='word_1_287' title='bbox 920 3620 938 3690; x_wconf 80' lang='grc' dir='ltr'>Η</span> <span class='ocrx_word' id='word_1_288' title='bbox 970 3624 1030 3673; x_wconf 84' lang='grc'>12</span> <span class='ocrx_word' id='word_1_289' title='bbox 1059 3627 1114 3673; x_wconf 89' lang='lat' dir='ltr'>et</span> <span class='ocrx_word' id='word_1_290' title='bbox 1151 3638 1202 3689; x_wconf 93' lang='lat' dir='ltr'>q.</span> <span class='ocrx_word' id='word_1_291' title='bbox 1239 3638 1304 3683; x_wconf 79' lang='grc' dir='ltr'>ςν</span> <span class='ocrx_word' id='word_1_292' title='bbox 1331 3620 1348 3689; x_wconf 79' lang='grc' dir='ltr'>ΙΙ</span> <span class='ocrx_word' id='word_1_293' title='bbox 1381 3622 1439 3671; x_wconf 89' lang='grc'>13</span> <span class='ocrx_word' id='word_1_294' title='bbox 1468 3637 1717 3673; x_wconf 87' lang='lat' dir='ltr'>censores</span> <span class='ocrx_word' id='word_1_295' title='bbox 1742 3620 1870 3673; x_wconf 89' lang='lat' dir='ltr'>facti</span> <span class='ocrx_word' id='word_1_296' title='bbox 1898 3638 1963 3683; x_wconf 76' lang='grc' dir='ltr'>ςν</span> <span class='ocrx_word' id='word_1_297' title='bbox 1988 3620 2006 3690; x_wconf 73' lang='grc' dir='ltr'>ΙΙ</span> <span class='ocrx_word' id='word_1_298' title='bbox 2033 3619 2266 3674; x_wconf 81' lang='lat' dir='ltr'>lustrum</span> <span class='ocrx_word' id='word_1_299' title='bbox 2290 3638 2322 3673; x_wconf 88' lang='lat' dir='ltr'>a</span> <span class='ocrx_word' id='word_1_300' title='bbox 2347 3618 2659 3673; x_wconf 84' lang='lat' dir='ltr'>censoribus</span> 
     </span>
     <span class='ocr_line' id='line_1_37' title="bbox 529 3697 2660 3769; baseline -0.001 -17"><span class='ocrx_word' id='word_1_301' title='bbox 529 3707 613 3752; x_wconf 85' lang='lat' dir='ltr'>est</span> <span class='ocrx_word' id='word_1_302' title='bbox 637 3698 917 3751; x_wconf 88' lang='lat' dir='ltr'>conditum</span> <span class='ocrx_word' id='word_1_303' title='bbox 944 3716 1010 3761; x_wconf 77' lang='grc' dir='ltr'>ςν</span> <span class='ocrx_word' id='word_1_304' title='bbox 1035 3699 1052 3769; x_wconf 74' lang='lat' dir='ltr'>ss</span> <span class='ocrx_word' id='word_1_305' title='bbox 1080 3698 1280 3751; x_wconf 85' lang='lat' dir='ltr'>ciuium</span> <span class='ocrx_word' id='word_1_306' title='bbox 1307 3714 1433 3749; x_wconf 82' lang='lat' dir='ltr'>omr</span> <span class='ocrx_word' id='word_1_307' title='bbox 1458 3698 1476 3768; x_wconf 74' lang='lat' dir='ltr'>ss</span> <span class='ocrx_word' id='word_1_308' title='bbox 1509 3702 1570 3750; x_wconf 89' lang='lat'>14</span> <span class='ocrx_word' id='word_1_309' title='bbox 1598 3710 1831 3751; x_wconf 81' lang='lat' dir='ltr'>CCCXVII</span> <span class='ocrx_word' id='word_1_310' title='bbox 1855 3698 2005 3751; x_wconf 89' lang='lat' dir='ltr'>milia</span> <span class='ocrx_word' id='word_1_311' title='bbox 2032 3718 2067 3759; x_wconf 86' lang='grc' dir='ltr'><strong><em>ς</em></strong></span> <span class='ocrx_word' id='word_1_312' title='bbox 2090 3698 2108 3767; x_wconf 67' lang='lat' dir='ltr'>l}</span> <span class='ocrx_word' id='word_1_313' title='bbox 2135 3697 2439 3768; x_wconf 23' lang='lat' dir='ltr'>pupillas*N</span> <span class='ocrx_word' id='word_1_314' title='bbox 2459 3697 2477 3767; x_wconf 82' lang='grc' dir='ltr'>ΙΙ</span> <span class='ocrx_word' id='word_1_315' title='bbox 2508 3700 2569 3748; x_wconf 83' lang='grc'>15</span> <span class='ocrx_word' id='word_1_316' title='bbox 2596 3703 2660 3749; x_wconf 87' lang='lat' dir='ltr'>ut</span> 
     </span>
     <span class='ocr_line' id='line_1_38' title="bbox 528 3772 2659 3844; baseline -0.002 -15"><span class='ocrx_word' id='word_1_317' title='bbox 528 3777 724 3829; x_wconf 89' lang='lat' dir='ltr'>ducere</span> <span class='ocrx_word' id='word_1_318' title='bbox 749 3792 1157 3828; x_wconf 84' lang='lat' dir='ltr'>uxores.omnes</span> <span class='ocrx_word' id='word_1_319' title='bbox 1183 3781 1507 3844; x_wconf 87' lang='lat' dir='ltr'>cogerentur</span> <span class='ocrx_word' id='word_1_320' title='bbox 1533 3773 1753 3825; x_wconf 89' lang='lat' dir='ltr'>omnino</span> <span class='ocrx_word' id='word_1_321' title='bbox 1790 3790 1822 3825; x_wconf 84' lang='lat' dir='ltr'>r</span> <span class='ocrx_word' id='word_1_322' title='bbox 1847 3774 1864 3843; x_wconf 86' lang='grc' dir='ltr'>ΙΙ</span> <span class='ocrx_word' id='word_1_323' title='bbox 1896 3777 1954 3826; x_wconf 88' lang='grc'>17</span> <span class='ocrx_word' id='word_1_324' title='bbox 1985 3791 2107 3827; x_wconf 88' lang='lat' dir='ltr'>cum</span> <span class='ocrx_word' id='word_1_325' title='bbox 2146 3792 2231 3825; x_wconf 89' lang='lat' dir='ltr'>om</span> <span class='ocrx_word' id='word_1_326' title='bbox 2253 3787 2338 3837; x_wconf 83' lang='grc' dir='ltr'>Νς</span> <span class='ocrx_word' id='word_1_327' title='bbox 2362 3774 2379 3843; x_wconf 66' lang='grc' dir='ltr'>ιξ</span> <span class='ocrx_word' id='word_1_328' title='bbox 2407 3772 2659 3825; x_wconf 86' lang='lat' dir='ltr'>omnibus</span> 
     </span>
     <span class='ocr_line' id='line_1_39' title="bbox 525 3852 2655 3925; baseline -0.001 -18"><span class='ocrx_word' id='word_1_329' title='bbox 525 3867 644 3923; x_wconf 70' lang='lat' dir='ltr'>ng</span> <span class='ocrx_word' id='word_1_330' title='bbox 669 3856 686 3925; x_wconf 77' lang='lat' dir='ltr'>ss</span> <span class='ocrx_word' id='word_1_331' title='bbox 713 3854 870 3907; x_wconf 81' lang='lat' dir='ltr'>uelut</span> <span class='ocrx_word' id='word_1_332' title='bbox 894 3871 957 3906; x_wconf 91' lang='lat' dir='ltr'>eo</span> <span class='ocrx_word' id='word_1_333' title='bbox 982 3860 1224 3924; x_wconf 80' lang='lat' dir='ltr'>tempore</span> <span class='ocrx_word' id='word_1_334' title='bbox 1249 3870 1280 3903; x_wconf 84' lang='lat' dir='ltr'>r</span> <span class='ocrx_word' id='word_1_335' title='bbox 1306 3852 1323 3922; x_wconf 85' lang='grc' dir='ltr'>ΙΙ</span> <span class='ocrx_word' id='word_1_336' title='bbox 1356 3855 1417 3904; x_wconf 89' lang='grc'>18</span> <span class='ocrx_word' id='word_1_337' title='bbox 1441 3852 1665 3906; x_wconf 90' lang='lat' dir='ltr'>Atinius</span> <span class='ocrx_word' id='word_1_338' title='bbox 1697 3852 1996 3905; x_wconf 77' lang='lat' dir='ltr'>Frobenius</span> <span class='ocrx_word' id='word_1_339' title='bbox 2012 3873 2030 3903; x_wconf 90' lang='lat'>.·</span> <span class='ocrx_word' id='word_1_340' title='bbox 2069 3853 2254 3905; x_wconf 86' lang='lat' dir='ltr'>atilius</span> <span class='ocrx_word' id='word_1_341' title='bbox 2286 3865 2399 3918; x_wconf 82' lang='grc' dir='ltr'>Νς,</span> <span class='ocrx_word' id='word_1_342' title='bbox 2446 3852 2655 3905; x_wconf 85' lang='lat' dir='ltr'>attilius</span> 
     </span>
     <span class='ocr_line' id='line_1_40' title="bbox 528 3929 2657 4003; baseline -0 -18"><span class='ocrx_word' id='word_1_343' title='bbox 528 3952 594 3995; x_wconf 77' lang='grc' dir='ltr'>ςν</span> <span class='ocrx_word' id='word_1_344' title='bbox 619 3933 636 4003; x_wconf 79' lang='lat' dir='ltr'>ss</span> <span class='ocrx_word' id='word_1_345' title='bbox 668 3935 730 3985; x_wconf 85' lang='lat'>19</span> <span class='ocrx_word' id='word_1_346' title='bbox 756 3933 813 3985; x_wconf 90' lang='lat' dir='ltr'>in</span> <span class='ocrx_word' id='word_1_347' title='bbox 839 3952 923 3985; x_wconf 86' lang='lat' dir='ltr'>om</span> <span class='ocrx_word' id='word_1_348' title='bbox 945 3944 1030 3996; x_wconf 84' lang='grc' dir='ltr'>Νς</span> <span class='ocrx_word' id='word_1_349' title='bbox 1054 3933 1072 4002; x_wconf 86' lang='grc' dir='ltr'>ΙΙ</span> <span class='ocrx_word' id='word_1_350' title='bbox 1100 3936 1165 3985; x_wconf 86' lang='grc'>20</span> <span class='ocrx_word' id='word_1_351' title='bbox 1191 3949 1322 3985; x_wconf 82' lang='lat' dir='ltr'>saxa</span> <span class='ocrx_word' id='word_1_352' title='bbox 1345 3932 1462 3985; x_wconf 87' lang='lat' dir='ltr'>fieri</span> <span class='ocrx_word' id='word_1_353' title='bbox 1483 3940 1584 3995; x_wconf 80' lang='grc' dir='ltr'>Νς,</span> <span class='ocrx_word' id='word_1_354' title='bbox 1615 3948 1745 3983; x_wconf 87' lang='lat' dir='ltr'>saxo</span> <span class='ocrx_word' id='word_1_355' title='bbox 1770 3931 1899 3983; x_wconf 89' lang='lat' dir='ltr'>ferri</span> <span class='ocrx_word' id='word_1_356' title='bbox 1925 3949 1960 3994; x_wconf 88' lang='grc' dir='ltr'><em>ς</em></span> <span class='ocrx_word' id='word_1_357' title='bbox 1977 3971 1990 3995; x_wconf 91' lang='grc'><em>,</em></span> <span class='ocrx_word' id='word_1_358' title='bbox 2022 3949 2151 3985; x_wconf 85' lang='lat' dir='ltr'>saxo</span> <span class='ocrx_word' id='word_1_359' title='bbox 2180 3929 2302 3985; x_wconf 82' lang='lat' dir='ltr'>eiici</span> <span class='ocrx_word' id='word_1_360' title='bbox 2322 3950 2400 4002; x_wconf 70' lang='lat'>93</span> <span class='ocrx_word' id='word_1_361' title='bbox 2425 3933 2443 4002; x_wconf 71' lang='lat' dir='ltr'>n</span> <span class='ocrx_word' id='word_1_362' title='bbox 2470 3936 2532 3984; x_wconf 89' lang='lat'>21</span> <span class='ocrx_word' id='word_1_363' title='bbox 2562 3950 2657 3985; x_wconf 88' lang='lat' dir='ltr'>au-</span> 
     </span>
     <span class='ocr_line' id='line_1_41' title="bbox 525 4008 2656 4083; baseline -0.001 -18"><span class='ocrx_word' id='word_1_364' title='bbox 525 4013 658 4066; x_wconf 86' lang='lat' dir='ltr'>xilio</span> <span class='ocrx_word' id='word_1_365' title='bbox 685 4030 847 4082; x_wconf 84' lang='lat' dir='ltr'>quam</span> <span class='ocrx_word' id='word_1_366' title='bbox 870 4012 1103 4065; x_wconf 87' lang='lat' dir='ltr'>maxime</span> <span class='ocrx_word' id='word_1_367' title='bbox 1127 4012 1350 4065; x_wconf 88' lang='lat' dir='ltr'>fuerunt</span> <span class='ocrx_word' id='word_1_368' title='bbox 1372 4029 1403 4063; x_wconf 86' lang='lat' dir='ltr'>r</span> <span class='ocrx_word' id='word_1_369' title='bbox 1428 4012 1446 4080; x_wconf 79' lang='lat' dir='ltr'>ss</span> <span class='ocrx_word' id='word_1_370' title='bbox 1475 4014 1540 4063; x_wconf 84' lang='lat'>22</span> <span class='ocrx_word' id='word_1_371' title='bbox 1568 4008 1820 4080; x_wconf 89' lang='lat' dir='ltr'>quotiens</span> <span class='ocrx_word' id='word_1_372' title='bbox 1846 4009 2066 4081; x_wconf 90' lang='lat' dir='ltr'>quidem</span> <span class='ocrx_word' id='word_1_373' title='bbox 2090 4010 2259 4064; x_wconf 88' lang='lat' dir='ltr'>uellet</span> <span class='ocrx_word' id='word_1_374' title='bbox 2282 4030 2315 4064; x_wconf 88' lang='lat' dir='ltr'>r</span> <span class='ocrx_word' id='word_1_375' title='bbox 2340 4012 2358 4083; x_wconf 85' lang='grc' dir='ltr'>ΙΙ</span> <span class='ocrx_word' id='word_1_376' title='bbox 2386 4014 2451 4064; x_wconf 84' lang='grc'>23</span> <span class='ocrx_word' id='word_1_377' title='bbox 2476 4011 2540 4063; x_wconf 89' lang='grc' dir='ltr'>Ρ.</span> <span class='ocrx_word' id='word_1_378' title='bbox 2570 4030 2656 4063; x_wconf 84' lang='lat' dir='ltr'>om</span> 
     </span>
     <span class='ocr_line' id='line_1_42' title="bbox 523 4084 2659 4159; baseline -0 -18"><span class='ocrx_word' id='word_1_379' title='bbox 523 4102 575 4141; x_wconf 88' lang='lat' dir='ltr'><em>N</em></span> <span class='ocrx_word' id='word_1_380' title='bbox 595 4089 612 4159; x_wconf 81' lang='grc' dir='ltr'>ΙΙ</span> <span class='ocrx_word' id='word_1_381' title='bbox 640 4094 704 4142; x_wconf 88' lang='grc'>25</span> <span class='ocrx_word' id='word_1_382' title='bbox 744 4090 804 4143; x_wconf 93' lang='lat' dir='ltr'>C.</span> <span class='ocrx_word' id='word_1_383' title='bbox 854 4090 962 4142; x_wconf 81' lang='lat' dir='ltr'>add</span> <span class='ocrx_word' id='word_1_384' title='bbox 1002 4090 1336 4143; x_wconf 73' lang='lat' dir='ltr'>Gronouius:</span> <span class='ocrx_word' id='word_1_385' title='bbox 1397 4108 1482 4141; x_wconf 88' lang='lat' dir='ltr'>om</span> <span class='ocrx_word' id='word_1_386' title='bbox 1529 4100 1643 4149; x_wconf 74' lang='grc' dir='ltr'>Νςν</span> <span class='ocrx_word' id='word_1_387' title='bbox 1688 4084 1708 4157; x_wconf 77' lang='grc' dir='ltr'>ΙΙ</span> <span class='ocrx_word' id='word_1_388' title='bbox 1744 4090 1809 4154; x_wconf 80' lang='grc'>26</span> <span class='ocrx_word' id='word_1_389' title='bbox 1846 4087 2026 4140; x_wconf 80' lang='lat' dir='ltr'>tenuit</span> <span class='ocrx_word' id='word_1_390' title='bbox 2058 4087 2393 4141; x_wconf 77' lang='lat' dir='ltr'>Frobenius:</span> <span class='ocrx_word' id='word_1_391' title='bbox 2444 4088 2659 4140; x_wconf 86' lang='lat' dir='ltr'>censuit</span> 
     </span>
    </p>
   </div>
   <div class='ocr_carea' id='block_1_14' title="bbox 522 4168 1601 4239">
    <p class='ocr_par' dir='ltr' id='par_1_14' title="bbox 522 4168 1601 4239">
     <span class='ocr_line' id='line_1_43' title="bbox 522 4168 1601 4239; baseline 0 -20"><span class='ocrx_word' id='word_1_392' title='bbox 522 4180 636 4229; x_wconf 81' lang='grc' dir='ltr'>Νςν</span> <span class='ocrx_word' id='word_1_393' title='bbox 661 4168 679 4237; x_wconf 73' lang='lat' dir='ltr'>H</span> <span class='ocrx_word' id='word_1_394' title='bbox 705 4186 888 4237; x_wconf 88' lang='lat' dir='ltr'>regem</span> <span class='ocrx_word' id='word_1_395' title='bbox 917 4168 1101 4238; x_wconf 87' lang='lat' dir='ltr'>Syriae</span> <span class='ocrx_word' id='word_1_396' title='bbox 1127 4188 1158 4221; x_wconf 86' lang='lat' dir='ltr'>r</span> <span class='ocrx_word' id='word_1_397' title='bbox 1183 4170 1200 4239; x_wconf 73' lang='lat' dir='ltr'>ss</span> <span class='ocrx_word' id='word_1_398' title='bbox 1227 4170 1487 4238; x_wconf 85' lang='lat' dir='ltr'>prahaten</span> <span class='ocrx_word' id='word_1_399' title='bbox 1511 4180 1564 4219; x_wconf 92' lang='lat' dir='ltr'><em>N</em></span> <span class='ocrx_word' id='word_1_400' title='bbox 1584 4168 1601 4236; x_wconf 84' lang='grc' dir='ltr'>ΙΙ</span> 
     </span>
    </p>
   </div>
  </div>
 </body>
</html>
