3052 4823
1025 346 1087 388 T.
1124 346 1266 389 mvl
1299 345 1857 389 vann—-Lxmn
2426 324 2505 386 73

386 500 527 542 mae
555 478 989 555 innocentiae,
1024 479 1328 563 quoniam
1355 479 1609 561 legatus
1640 480 1715 542 C.
1746 476 1927 541 Muci
1955 498 2199 561 procos
2230 500 2267 539 a
2294 477 2506 560 publi-

389 602 694 643 canorum
723 580 977 644 iniuriis
1007 581 1233 644 Asiam
1263 581 1636 644 defenderat
1677 580 1929 643 inuisus
1960 577 2237 662 equestri
2268 577 2501 654 ordini,

384 702 579 765 penes
611 704 802 764 quem
830 682 1072 745 iudicia
1101 693 1281 746 erant
1298 732 1318 760 ,
1367 683 1869 765 repetundarum
1902 682 2243 744 damnatus
2273 678 2343 741 in
2374 679 2506 741 exi-

385 786 547 849 lium
578 785 814 848 missus
845 795 962 848 est.
1029 785 1105 848 C.
1145 784 1404 848 Sentius
1435 793 1687 866 praetor
1730 786 2035 846 aduersus
2079 782 2360 844 Thracas
2404 781 2503 843 in·

322 902 354 949 5
382 888 653 951 feliciter
679 886 1024 970 pugnauit.
1075 896 1335 951 senatus
1366 907 1515 947 cum
1545 884 1973 967 inpotentiam
2002 884 2311 967 equestris
2342 883 2507 946 ordi-

382 989 484 1051 nis
514 988 583 1050 in
613 988 870 1050 iudiciis
903 988 1272 1050 exercendis
1304 987 1466 1050 ferre
1510 986 1751 1062 nollet,
1806 986 1984 1048 omni
2013 985 2083 1048 ui
2112 986 2273 1048 eniti
2302 985 2511 1067 coepit
2614 984 2619 991 ’

387 1100 461 1152 ut
505 1092 587 1152 ad
631 1111 700 1152 se
743 1088 982 1152 iudicia
1023 1089 1424 1165 transferret,
1493 1088 1853 1170 sustinente
1912 1110 2169 1151 causam
2222 1088 2361 1151 eius
2403 1088 2499 1155 M.

387 1190 578 1254 Liuio
610 1192 824 1253 Druso
856 1190 1004 1253 trib.
1041 1190 1210 1271 pleb.
1233 1174 1264 1265 ,‘
1289 1189 1402 1273 qui
1430 1200 1506 1253 ut
1534 1190 1703 1253 uires
1734 1189 1858 1253 sibi
1899 1189 2258 1272 adquireret
2297 1188 2509 1271 perni-

385 1292 555 1357 ciosa
585 1314 696 1375 spe
726 1290 1144 1375 largitionum
1188 1291 1442 1374 plebem
1486 1291 1858 1355 concitauit.
1925 1303 2252 1374 praeterea
2296 1302 2510 1355 motus

293 1407 358 1456 10
389 1394 608 1478 Syriae
637 1415 988 1477 regumque
1019 1392 1329 1455 continet.
2556 1388 2565 1408 “’

1113 1604 1242 1666 ΕΧ
1287 1605 1463 1670 LIB.
1516 1605 1775 1666 LXXI.

392 1776 486 1837 M.
533 1773 763 1837 Liuius
805 1775 1058 1836 Drusus
1102 1773 1249 1836 trib.
1297 1773 1467 1856 pleb.
1487 1822 1507 1850 ,
1557 1795 1683 1855 quo
1725 1772 2075 1837 maioribus
2128 1773 2371 1836 uiribus
2416 1792 2509 1837 se*

391 1885 582 1938 natus
612 1896 870 1938 causam
901 1884 1263 1956 susceptam
1293 1884 1618 1952 tueretur,
1666 1876 1868 1941 socios
1911 1887 1976 1940 et
2015 1875 2277 1941 Italicos
2310 1898 2511 1959 popu-

389 1978 483 2040 los
513 1999 625 2059 spe
656 1976 939 2039 ciuitatis
970 1977 1302 2039 Romanae
1348 1976 1758 2054 sollicitauit,
1794 1978 2010 2061 eisque
2052 1978 2510 2041 adiuuantibus

295 2092 359 2141 15
389 2100 501 2161 per
532 2078 670 2141 uim
711 2078 963 2161 legibus
1001 2076 1266 2160 agrariis
1312 2077 1877 2162 frumentariisque
1917 2079 2066 2143 latis
2111 2070 2514 2143 iudiciariam

390 2202 640 2263 quoque
680 2179 986 2263 pertulit,
1033 2190 1109 2242 ut
1153 2194 1355 2261 aequa
1397 2189 1577 2262 parte
1619 2180 1858 2243 iudicia
1896 2203 2092 2264 penes
2124 2192 2419 2244 senatum
2448 2190 2512 2244 et

398 2292 754 2365 equestrem
785 2280 1076 2349 ordinem
1106 2290 1341 2343 essent.
1407 2303 1559 2343 cum
1589 2281 1820 2344 deinde
1856 2281 2175 2363 promissa
2207 2282 2393 2349 sociis
2425 2281 2511 2343 ci-

385 2384 560 2468 uitas
591 2384 900 2468 praestari
930 2406 1063 2447 non
1093 2394 1308 2465 posset
1327 2430 1346 2458 ,
1393 2381 1543 2445 irati
1574 2382 1787 2446 Italici
1819 2383 2241 2447 defectionem
2271 2384 2512 2467 agitare

391 2497 759 2568 coeperunt.
832 2508 1050 2549 eorum
1096 2484 1302 2547 coitus
1347 2483 1946 2569 coniurationesque
1989 2494 2051 2547 et
2095 2485 2412 2549 orationes
2441 2487 2515 2550 in

294 2599 360 2648 20
389 2587 672 2650 consiliis
700 2587 1068 2671 principum
1091 2587 1475 2651 referuntur.
1525 2596 1785 2671 propter
1815 2608 1977 2668 quae
2008 2585 2236 2649 Liuius
2259 2587 2513 2650 Drusus

389 2689 640 2752 inuisus
670 2688 866 2753 etiam
896 2688 1148 2751 senatui
1177 2689 1385 2751 factus
1417 2690 1601 2752 uelut
1633 2687 1885 2751 socialis
1915 2687 2071 2751 belli
2116 2698 2369 2765 auctor,
2413 2687 2511 2751 in-

393 2800 640 2854 certum
669 2812 707 2852 a
738 2812 863 2872 quo
892 2789 1063 2853 domi
1095 2779 1340 2854 occisus
1371 2801 1489 2853 est.

1104 2984 1233 3046 EX
1278 2986 1451 3047 LIB.
1503 2985 1801 3047 LXXII.

395 3152 612 3216 Italici
639 3154 866 3237 populi
906 3156 1314 3230 defecerunt,
1366 3152 1665 3215 Picentes
1696 3151 1954 3215 Vestini
1984 3150 2187 3214 Marsi
2218 3150 2514 3234 Paeligni
2609 3187 2616 3192 ·

295 3266 361 3316 25
393 3255 747 3318 Marrucini
778 3255 1101 3318 Samnites
1132 3254 1404 3318 Lucani.
1468 3252 1657 3316 initio
1685 3252 1841 3315 belli
1872 3275 1911 3314 a
1934 3251 2309 3316 Picentibus
2340 3264 2515 3316 moto

393 3358 474 3422 Q.
513 3355 828 3419 Seruilius
859 3378 1106 3439 procos.
1140 3356 1210 3417 in
1240 3355 1473 3438 oppido
1497 3355 1739 3418 Asculo
1768 3376 1918 3416 cum
1942 3355 2237 3418 omnibus
2262 3352 2515 3417 ciuibus
2578 3334 2593 3346 ⁶

401 3458 748 3534 Romanis,
805 3457 918 3540 qui
947 3457 1017 3520 in
1063 3456 1403 3539 eooppido
1450 3465 1670 3533 erant,
1716 3456 1962 3520 occisus
2008 3467 2127 3521 est.
2204 3477 2359 3540 saga
2402 3477 2513 3539 po-

397 3699 418 3748 1
448 3699 543 3767 qui
566 3699 780 3768 legatus
807 3698 866 3752 C.
896 3699 1060 3751 Marii
1084 3716 1115 3750 r
1141 3699 1158 3768 {l
1185 3702 1217 3751 4
1255 3698 1316 3751 C.
1355 3698 1639 3752 Geminius
1673 3716 1705 3751 r
1741 3699 1759 3770 ss
1796 3705 1984 3751 contra
2015 3715 2046 3749 r
2082 3698 2101 3766 [Ι
2139 3702 2170 3750 6
2206 3697 2310 3749 niti
2349 3714 2414 3758 ςν
2439 3697 2457 3766 u
2485 3701 2513 3748 7

393 3775 813 3827 transferrentur
838 3791 905 3837 ςν
929 3774 948 3844 ss
974 3777 1005 3826 9
1030 3775 1381 3844 largitionum
1413 3776 1679 3827 Gruterus
1696 3795 1715 3825 .·
1741 3775 2087 3844 largitionem
2099 3785 2198 3836 Νς,
2228 3772 2516 3842 largitione

391 3867 481 3918 93,
510 3850 814 3921 largitionis
839 3869 870 3904 r
895 3851 913 3921 ΙΙ
945 3855 1005 3904 12
1035 3853 1096 3905 C.
1124 3871 1156 3905 r
1180 3853 1198 3923 ΙΙ
1226 3869 1336 3922 quo
1359 3851 1581 3920 scripsi.-
1620 3852 1713 3921 qui
1745 3865 1856 3916 Νς,
1903 3849 1995 3920 qui
2021 3856 2085 3902 ut
2115 3867 2217 3918 93,
2259 3856 2324 3902 ut
2345 3867 2378 3901 r
2401 3850 2419 3919 ΙΙ
2452 3853 2515 3901 15

396 3923 571 3993 legem
597 3942 814 3996 quoque
839 3925 1148 3980 iudicialem
1172 3926 1303 3979 tulit
1336 3945 1368 3980 r
1393 3928 1410 3996 ss
1442 3931 1504 3979 19
1541 3933 1836 3997 coeperunt
1868 3927 2073 3995 agitare
2109 3942 2140 3976 r
2165 3926 2183 3995 ΙΙ
2211 3929 2395 3976 coetus
2433 3927 2521 3978 uel

393 4002 654 4056 coitiones
678 4005 938 4057 Dukerus
964 4005 982 4074 Ι]
1010 4005 1389 4074 orationesque
1413 4022 1444 4056 r
1469 4004 1486 4074 ss
1514 4007 1580 4057 20
1617 3999 1859 4056 conciliis
1896 4020 1927 4055 r
1952 4004 1970 4073 ΙΙ
1997 4005 2057 4054 21
2102 4001 2263 4054 etiam
2300 4001 2513 4054 senatui

390 4077 599 4133 inuisus
623 4097 656 4131 r
680 4079 698 4148 ss
726 4083 792 4132 25
829 4080 1012 4134 lucani
1047 4081 1304 4134 samnites
1342 4098 1407 4143 ςν
1432 4081 1449 4150 ΙΙ
1477 4084 1543 4133 26
1580 4095 1832 4133 seruacus
1856 4091 1931 4143 N,
1970 4076 2180 4132 seruius
2207 4095 2242 4140 ς
2266 4077 2285 4147 ll
2309 4078 2513 4131 Asculo

392 4159 498 4211 add
518 4177 581 4211 r:
606 4176 692 4211 om
715 4170 798 4222 Νς
823 4160 841 4228 Ι]
