3052 4823
329 2160 418 2202 M„

459 1652 538 1695 s

472 1851 562 1879 *x

580 300 664 361 98
1453 318 1839 363 PERIocuAE

579 490 730 531 cum
779 468 1096 533 seditione
1127 467 1500 533 missionem
1541 468 2021 552 postulantibus
2064 466 2245 530 dedit
2262 513 2281 541 ,
2337 475 2401 529 et
2442 487 2595 529 cum
2640 464 2716 527 in

579 570 867 635 Africam
897 570 1284 646 traiecisset,
1333 584 1558 635 contra
1604 571 1819 655 copias
1866 571 2069 634 Iubae
2107 568 2277 652 regis
2307 590 2460 631 cum
2488 566 2719 631 discri-

581 673 755 737 mine
785 696 1023 758 magno
1052 671 1395 757 pugnauit.

1305 875 1434 938 EX
1481 876 1658 938 LIB.
1709 876 1990 940 CXIIII

892 1012 1057 1080 QVI
1101 1010 1267 1075 EST
1310 1011 1581 1074 BELLI
1625 1010 1966 1077 CIVILIS
2015 1010 2389 1075 SEXTVS.
2649 1020 2660 1029 '
2748 1025 2779 1073 5

582 1182 841 1247 Bellum
879 1181 952 1245 in
994 1179 1180 1265 Syria
1210 1178 1533 1243 Caecilius
1564 1184 1805 1245 Bassus
1838 1203 2031 1265 eques
2061 1183 2401 1245 Romanus
2433 1183 2710 1265 Pompe-

579 1284 877 1347 ianorum
903 1282 1187 1367 partium
1217 1281 1551 1359 excitauit,
1585 1283 1807 1347 relicto
1838 1306 1877 1345 a
1904 1282 2159 1366 legione
2193 1282 2391 1347 Sexto
2408 1284 2708 1358 Caesare,

581 1406 744 1469 quae
773 1387 856 1449 ad
897 1388 1176 1450 Bassum
1217 1384 1554 1448 transierat
1570 1434 1590 1462 ,
1647 1386 1982 1469 occisoque
2027 1407 2123 1449 eo.
2186 1386 2423 1449 Caesar
2466 1384 2712 1469 Scipio-

581 1510 734 1551 nem
760 1500 1116 1571 praetorem
1148 1466 1503 1571 Iffiamque
1534 1488 1694 1551 uicit
1724 1491 1807 1551 ad
1838 1488 2101 1572 Thapsu
2172 1535 2193 1564 ,
2221 1476 2457 1551 ‘castris
2489 1508 2713 1550 eorum

582 1590 1032 1674 expugnatis!
1070 1590 1240 1672 Cam
1279 1590 1503 1653 audita
1544 1614 1613 1654 re
1656 1613 1806 1655 cum
1836 1614 1903 1655 se
1932 1589 2352 1674 percussisset
2383 1589 2611 1655 Vticae
2642 1599 2709 1651 et
2749 1600 2815 1650 10

581 1691 1056 1755 interueniente
1105 1691 1243 1753 filio
1287 1703 1661 1783 curaretur,
1710 1692 1881 1756 inter
1922 1693 2131 1777 ipsam
2173 1692 2573 1756 curationem
2615 1712 2713 1753 re-

584 1793 780 1855 scisso
809 1794 1076 1855 uulnere
1117 1792 1438 1875 expirauit
1481 1817 1653 1857 anno
1685 1794 1915 1857 aetatis
1945 1814 2191 1858 XLVIII.
2224 1784 2566 1885 &Petreius
2599 1794 2713 1855 Iu-

499 1895 730 1967 ,aebam
760 1915 953 1976 seque
983 1887 1360 2001 interfecit]
1394 1897 1472 1957 P.
1511 1894 1730 1983 Scipio
1773 1896 1845 1958 in
1875 1918 2045 1959 naue
2076 1896 2559 1959 circumuentus
2591 1894 2708 1957 ho-

580 2003 800 2057 nestae
829 1994 1021 2057 morti
1058 1998 1285 2058 uoceni
1323 2022 1358 2057 ι
1411 1995 1666 2059 adiecit.
1728 1998 2185 2080 quaerentibus
2232 1998 2407 2061 enim
2435 1997 2708 2078 impera—

509 2145 529 2164 ..
566 2106 784 2191 *torem
811 2096 1106 2161 hostibus
1136 2096 1304 2160 dixit
1331 2091 1707 2180 ‘imperator
1734 2119 1804 2161 se
1830 2098 1998 2161 bene
2027 2092 2277 2162 habet'.
2337 2100 2615 2163 Faustus
2646 2106 2713 2158 et
2747 2108 2812 2157 15

580 2196 886 2261 Afranius
929 2196 1144 2261 occisi.
1217 2198 1484 2262 Catonis
1528 2198 1663 2262 filio
1702 2199 1899 2263 uenia
1940 2203 2115 2265 data.
2171 2205 2414 2265 Brutus
2457 2201 2711 2282 legatus

581 2299 872 2365 Caesaris
902 2299 971 2363 in
1003 2299 1222 2365 Gallia
1251 2301 1632 2365 Bellouacos
1660 2303 2045 2367 rebellantes
2074 2304 2318 2387 proelio
2350 2300 2532 2366 uicit.

1357 2507 1486 2568 EX
1536 2507 1711 2570 LIB.
1763 2507 1956 2572 CXV

841 2642 1003 2708 QVI
1045 2641 1213 2705 EST
1256 2641 1598 2706 CIVILIS
1652 2641 1921 2705 BELLI
1966 2638 2441 2703 SEPTIMVS.

583 2809 820 2872 Caesar
847 2819 1149 2892 quattuor
1178 2809 1539 2893 triumphos
1583 2809 1802 2884 duxit,
1838 2829 1919 2869 ex
1960 2804 2211 2879 Gallia,
2259 2824 2341 2865 ex
2378 2804 2702 2886 Aegypto,
2739 2818 2813 2868 20

585 2932 668 2974 ex
711 2914 926 2976 Ponto
971 2922 1038 2973 et
1065 2911 1284 2974 Africa
1299 2961 1318 2988 ‚
1380 2912 1647 2996 epulum
1688 2920 1752 2974 et
1796 2909 2005 2973 omnis
2047 2905 2297 2991 generis
2342 2905 2709 2987 spectacula

585 3013 784 3077 dedit.
833 3015 930 3076 M.
969 3013 1276 3077 Marcello
1321 3016 1643 3080 consulari
1683 3024 1912 3078 senatu
1955 3018 2220 3094 rogante
2248 3007 2530 3071 reditum
2560 3029 2709 3070 con-

585 3116 796 3180 cessit.
857 3137 985 3199 quo
1014 3117 1324 3180 beneficio
1357 3117 1494 3180 eius
1525 3119 1873 3181 Marcellus
1903 3113 2032 3179 frui
2061 3133 2194 3176 non
2222 3109 2437 3193 potuit
2456 3157 2475 3186 ,
2512 3131 2551 3172 a
2580 3109 2701 3172 Cn.

584 3217 806 3300 Magio
848 3217 1081 3280 cliente
1126 3241 1244 3282 suo
1288 3219 1565 3282 Athenis
1610 3220 1879 3283 occisus.
1955 3235 2291 3279 recensum
2348 3211 2518 3294 egit,
2582 3232 2708 3294 quo

585 3339 778 3381 censa
819 3328 974 3380 sunt
1017 3318 1264 3382 ciuium
1302 3319 1516 3402 capita
1559 3312 1656 3384 ὸῖ.
1717 3321 2169 3402 profectusque
2210 3316 2281 3378 in
2321 3311 2712 3394 Hispaniam
2743 3323 2809 3374 25

589 3420 894 3481 aduersus
926 3420 1048 3482 Cn.
1087 3420 1467 3501 Pompeium
1482 3468 1502 3496 ,
1556 3419 1781 3482 multis
1824 3419 2150 3501 utrimque
2192 3413 2707 3500 expeditionibus

588 3607 619 3656 2
647 3609 835 3656 contra
858 3619 890 3653 r
912 3603 931 3672 ΙΙ
958 3603 986 3652 3
1002 3601 1238 3678 maximo
1252 3620 1285 3655 r
1310 3603 1327 3671 ΙΙ
1355 3605 1385 3655 9
1402 3603 1781 3672 proconsulem
1812 3600 2115 3654 G'ronouius
2140 3599 2159 3672 ss
2184 3599 2472 3653 Afranium
2496 3598 2712 3650 Iubam·

588 3697 695 3752 que
716 3698 749 3733 r
773 3679 792 3750 ss
817 3686 1034 3749 tapsum
1061 3697 1127 3742 ςν
1152 3677 1169 3750 ΙΙ
1200 3683 1257 3731 11
1296 3679 1470 3733 reciso
1507 3696 1541 3730 r
1566 3679 1583 3748 ΙΙ
1615 3683 1676 3732 12
1717 3679 2128 3749 quadragesimo
2164 3695 2312 3731 nono
2347 3695 2380 3730 r
2406 3677 2423 3747 ΙΙ
2454 3679 2514 3728 13
2550 3676 2715 3728 inter-

587 3757 720 3812 emit
739 3775 772 3810 r
797 3757 816 3829 Ι
846 3760 908 3809 14
932 3773 1122 3810 uocem
1148 3773 1365 3827 quoque
1392 3774 1475 3820 ςν.
1511 3759 1757 3824 fortasse
1791 3773 1982 3810 uocem
2018 3757 2301 3810 honestam
2326 3755 2348 3824 ΙΙ
2377 3757 2439 3806 15
2466 3754 2714 3807 hostibus

588 3836 967 3905 imperatorem
991 3851 1023 3885 r
1047 3835 1064 3904 ΙΙ
1090 3833 1228 3886 bene
1253 3851 1309 3887 se
1335 3851 1366 3885 r
1391 3834 1408 3904 ΙΙ
1437 3833 1633 3887 Fastus
1658 3852 1689 3886 r
1714 3835 1732 3904 ΙΙ
1765 3837 1827 3886 16
1851 3835 1961 3888 filia
1985 3848 2037 3888 Ν
2057 3835 2075 3906 ss
2106 3839 2165 3886 17
2191 3833 2398 3903 proelio
2436 3852 2519 3887 om
2544 3851 2576 3885 r
2602 3835 2619 3903 ΙΙ
2647 3838 2710 3887 23
2766 3831 2789 3836 “

590 3913 764 3966 edidit
786 3931 817 3965 r
843 3913 860 3983 ΙΙ
887 3912 1156 3966 concessit
1174 3913 1410 3966 reditum
1434 3927 1466 3965 r
1491 3913 1508 3984 ΙΙ
1538 3916 1601 3966 23
1630 3931 1739 3984 quo
1770 3915 2073 3968 Gronovius
2088 3935 2107 3966 .·
2133 3913 2228 3984 qui
2239 3893 2397 3984 Ngr'ss
2422 3913 2716 3966 Marcellus

589 3990 849 4044 beneficio
875 3990 992 4043 eius
1017 4007 1048 4042 r
1071 3990 1090 4060 ΙΙ
1115 3990 1336 4043 minime
1359 4007 1390 4041 r
1415 3989 1434 4060 fl
1459 3993 1526 4042 24
1552 4007 1753 4061 magno
1786 4002 1870 4054 Νς
1894 3991 1912 4061 ΙΙ
1940 3992 2151 4044 Cillone
2186 3989 2381 4043 cliente
2414 4008 2445 4042 r
2470 3989 2489 4060 ΙΙ
2515 3997 2571 4042 et
2596 4007 2720 4042 cen-

587 4085 710 4196 :um
734 4087 766 4213 ᾖ·
791 4069 810 4139 fl
835 4071 902 4121 25
937 4086 1044 4138 que
1079 4087 1164 4122 om
1199 4089 1230 4124 r
1255 4073 1272 4142 ΙΙ
1299 4070 1571 4140 Hispania
1593 4087 1623 4121 r
1649 4071 1666 4139 ΙΙ
1694 4074 1759 4124 26
1784 4070 2044 4124 aduersus
2069 4089 2153 4124 om
2178 4089 2209 4122 r
2232 4071 2251 4142 ss
2278 4070 2553 4140 utrimque
2576 4070 2715 4123 mul·

612 4161 658 4196 1s
685 4162 716 4195 r
1612 4165 1619 4172 ·
