3052 4823
499 312 622 374 106
1369 338 1752 382 PERIOCHAE

493 482 820 566 ingressus
850 484 1096 551 bellum
1125 506 1275 549 cum
1303 485 1666 570 legionibus
1703 508 1855 552 xv11
1896 498 1960 553 et
1984 470 2113 553 {fv}
2144 487 2435 570 equitum
2466 490 2621 552 Par-

494 586 624 649 this
654 586 918 663 intulit,
982 596 1048 649 et
1096 609 1248 651 cum
1276 590 1526 653 duabus
1572 590 1935 673 legionibus
1978 589 2227 653 amissis
2246 638 2265 666 ,
2328 590 2512 653 nulla
2553 612 2621 654 re

492 710 790 773 prospere
833 688 1099 753 cedente
1127 699 1297 754 retro
1325 691 1585 767 rediret,
1620 692 1929 755 insecutis
1960 690 2245 755 subinde·
2264 691 2525 756 Parthis
2557 702 2623 755 et

491 790 746 874 ingenti
776 791 1200 875 trepidatione
1230 802 1296 855 et
1337 814 1575 875 magno
1617 793 1817 857 totius
1862 793 2183 857 exereitus
2224 794 2509 877 periculo
2551 794 2623 856 in

492 893 870 957 Armeniam
897 915 1191 959 reuersus
1223 904 1342 970 est,
1377 916 1503 959 xxl
1530 894 1755 961 diebus
1779 918 1885 960 ccc
1908 895 2089 959 milia
2111 896 2266 979 fuga
2298 918 2617 959 emensus.
2656 907 2687 957 5

494 994 662 1059 eirca
689 984 841 1059 v—Iff
863 997 1201 1060 hominum
1233 998 1723 1080 tempestatibus
1748 997 1985 1061 amisit.
2024 1007 2435 1081 tempestates
2467 1019 2622 1080 quo-

497 1117 622 1178 que
673 1096 939 1161 infestas
994 1121 1185 1182 super
1237 1110 1371 1162 tam
1424 1100 1770 1164 infeliciter
1820 1110 2194 1183 susceptum
2245 1100 2625 1163 Parthicum

489 1198 736 1261 bellum
767 1199 956 1283 eulpa
987 1222 1105 1263 sua
1131 1223 1360 1283 passus
1391 1212 1526 1277 est,
1576 1202 1728 1285 quia
1757 1202 2040 1265 hiemare
2070 1202 2141 1263 in
2170 1201 2479 1264 Armenia
2509 1222 2621 1265 no-

492 1300 706 1378 lebat,
743 1302 903 1365 dum
932 1305 1015 1366 ad
1045 1303 1456 1387 Cleopatram
1484 1303 1775 1387 festinat.

1191 1464 1321 1525 EX
1365 1464 1541 1526 LIB.
1594 1463 1925 1527 CXXXI.
2659 1473 2721 1522 10

497 1580 648 1645 Sex.
687 1580 1037 1664 Pompeius
1069 1603 1219 1645 eum
1248 1581 1319 1644 in
1350 1583 1549 1645 fidem
1587 1582 1685 1645 M.
1734 1580 1983 1644 Antoni
2026 1579 2316 1657 ueniret,
2380 1580 2626 1643 bellum

495 1684 804 1747 aduersus
835 1706 982 1747 eum
1013 1682 1085 1745 in
1113 1682 1272 1746 Asia
1301 1684 1573 1747 moliens
1606 1685 1943 1767 obpressus
1989 1704 2028 1745 a
2069 1681 2299 1765 legatis
2342 1681 2479 1783 eips
2524 1704 2625 1745 oe-

496 1783 666 1846 cisus
698 1792 815 1846 est.
867 1786 1101 1847 Caesar
1145 1785 1526 1848 seditionem
1558 1797 2008 1848 ueteranorum
2039 1807 2189 1847 cum
2216 1805 2456 1866 magna
2484 1805 2623 1866 per-

493 1884 662 1947 nicie
691 1894 936 1947 motam
964 1883 1284 1961 inhibuit,
1335 1888 1615 1970 Iapydas
1656 1896 1721 1949 et
1764 1887 2099 1948 Dalmatas
2144 1896 2208 1947 et
2251 1884 2627 1948 Pannonios

496 1984 772 2068 subegit.
833 1986 1160 2049 Antonius
1205 1987 1612 2051 Artauasden
1656 1986 2001 2049 Armeniae
2045 2007 2263 2067 regem
2308 1987 2435 2047 fide
2478 1988 2629 2047 data
2668 1998 2725 2048 15

495 2089 882 2171 perductum
910 2088 980 2149 in
1009 2086 1276 2151 uincula
1312 2089 1519 2152 conici
1564 2088 1790 2163 iussit,
1838 2108 2239 2170 regnumque
2280 2074 2625 2150 Armeniae

495 2188 631 2253 filio
676 2210 794 2252 suo
847 2210 928 2252 ex
968 2190 1311 2272 Cleopatra
1347 2200 1504 2253 nato
1547 2189 1757 2267 dedit,
1820 2210 2016 2271 quam
2056 2188 2275 2252 uxoris
2316 2189 2457 2252 loeo
2498 2188 2630 2253 iam

494 2290 745 2374 pridem
771 2301 996 2374 captus
1029 2311 1242 2355 amore
1273 2292 1410 2355 eius
1441 2293 1679 2354 habere
1711 2300 2027 2374 coeperat.

1177 2453 1306 2515 EX
1351 2454 1529 2516 LIB.
1580 2453 1949 2516 CXXXII.

497 2572 737 2634 Caesar
763 2571 830 2633 in
863 2570 1122 2654 Illyrico
1154 2571 1488 2634 Dalmatas
1536 2570 1808 2634 domuit.
1870 2592 2020 2634 cum
2062 2571 2157 2632 M.
2192 2569 2519 2633 Antonius
2552 2571 2634 2633 ob
2666 2583 2735 2633 20

497 2691 779 2732 amorem
809 2670 1226 2754 Cleopatrae,
1277 2692 1358 2734 ex
1387 2694 1514 2753 qua
1547 2673 1705 2734 duos
1736 2672 1904 2735 filios
1934 2671 2251 2746 habebat,
2303 2670 2635 2733 Philadel-

0 2769 1294 2889 Wandrum,
1328 2792 1539 2885 neque
1571 2771 1641 2834 in
1670 2772 1896 2834 urbem
1926 2769 2149 2832 uenire
2178 2772 2379 2833 uellet
2417 2792 2628 2851 neque

495 2877 682 2940 finito
714 2873 1159 2939 triumuiratus
1190 2883 1475 2955 tempore
1504 2872 1850 2955 imperium
1892 2874 2209 2956 deponere
2253 2872 2633 2953 bellumque

497 2978 852 3054 moliretur,
886 2977 1058 3062 quod
1087 2974 1233 3038 urbi
1264 2985 1328 3036 et
1360 2974 1591 3038 Italiae
1621 2974 1917 3050 inferret,
1951 2973 2323 3057 ingentibus
2354 2983 2489 3037 tam
2517 2995 2633 3036 na-

497 3082 752 3146 ualibus
777 3102 972 3164 quam
989 3076 1393 3142 terrestribus
1410 3076 1609 3160 copiis
1635 3078 1715 3139 ob
1740 3077 1862 3139 hoe
1877 3075 2221 3140 contractis
2244 3075 2638 3158 remissoque
2670 3088 2737 3136 25

500 3182 813 3248 Octauiae
845 3181 1041 3246 sorori
1086 3179 1376 3245 Caesaris
1419 3178 1689 3262 repudio
1707 3226 1727 3255 ,
1778 3179 2013 3242 Caesar
2054 3178 2125 3240 in
2166 3178 2440 3262 Epirum
2486 3199 2637 3240 eum

501 3283 789 3348 exercitu
816 3283 1087 3346 traiecit.
1124 3303 1383 3366 pugnae
1429 3281 1663 3343 deinde
1705 3281 1972 3344 nauales
2018 3289 2081 3343 et
2124 3280 2371 3363 proelia
2410 3302 2635 3364 eques-

501 3385 634 3448 tria'
656 3385 938 3449 secunda
967 3383 1257 3447 Caesaris
1288 3383 1672 3444 referuntur.

1163 3535 1293 3598 EX
1336 3535 1510 3599 LIB.
1563 3535 1971 3598 CXXXIII.

501 3655 600 3719 M.
637 3650 962 3718 Antonius
995 3654 1076 3717 ad
1105 3652 1370 3717 Aetium
1411 3653 1614 3716 classe
1656 3653 1870 3717 uictus
1912 3649 2377 3715 Alexandriam
2420 3649 2638 3735 profu·
2670 3662 2739 3713 30

2766 966 2803 979 ‘

510 3857 531 3907 1
563 3853 842 3908 insecutus
867 3871 899 3906 r
924 3852 942 3923 ΙΙ
970 3857 1000 3906 5
1027 3854 1116 3907 die
1141 3870 1172 3906 r
1197 3853 1214 3922 ΙΙ
1247 3854 1303 3904 11
1334 3852 1458 3906 Rex
1481 3868 1512 3904 r
1538 3852 1556 3921 ΙΙ
1587 3855 1647 3906 12
1672 3850 1903 3904 moliens
1931 3867 1963 3902 a
1986 3849 2181 3919 legatis
2208 3848 2325 3904 eius
2350 3867 2641 3921 oppressus

503 3940 587 3987 est
620 3952 652 3986 r
691 3934 708 4003 ΙΙ
756 3936 817 3987 14
855 3935 1079 4006 iapygas
1115 3945 1189 3998 N,
1230 3933 1438 4003 iapigas
1479 3947 1545 3992 ςν
1580 3929 1599 4000 ss
1638 3933 1693 3980 et
1729 3946 1814 3980 om
1852 3946 1883 3979 r
1909 3927 1927 3997 ΙΙ
1958 3931 2019 3979 15
2057 3927 2404 3980 Artauasden
2440 3927 2641 3979 Frobe-

505 4013 661 4064 m'ue:
688 4013 959 4066 artunden
981 4026 1082 4077 Νς,
1111 4010 1470 4066 Artiniridem
1493 4025 1525 4060 r
1550 4007 1568 4076 ῙΙ
1597 4009 1658 4059 21
1691 4005 2003 4060 fidadelfum
2040 4019 2091 4060 N
2112 4006 2129 4076 ἰΙ
2159 4010 2223 4060 23
2263 4005 2641 4060 triumuiratus

507 4096 749 4164 tempore
781 4091 1085 4142 Gmterus:
1113 4088 1440 4142 eiusuiratus
1467 4092 1710 4154 tempore
1733 4095 1811 4148 N,
1853 4083 1970 4137 eius
1996 4089 2240 4152 tempore
2264 4080 2640 4135 triumuiratus

511 4182 576 4228 ςν
601 4167 618 4235 ΙΙ
648 4169 708 4216 24
739 4164 860 4218 urbi
884 4165 1185 4235 Italiaeque
1209 4183 1240 4216 r
1265 4165 1283 4234 ΙΙ
1311 4167 1373 4218 27
1401 4162 1611 4216 naualis
1635 4173 1686 4214 N
1706 4161 1723 4231 ΙΙ
1753 4164 1817 4214 30
1842 4162 1913 4213 Α.
1941 4178 1973 4213 r
1998 4160 2016 4230 ss
2042 4161 2249 4214 aecium
2272 4171 2319 4216 N
2344 4159 2361 4228 ss
