3052 4823
1040 340 1102 381 Τ.
1140 339 1284 382 L1v1
1313 338 1467 382 xxn
1491 337 1789 381 -xx1111.
2403 317 2485 378 27

353 507 653 573 prospere
682 486 1033 570 pugnauit.
1077 487 1442 552 Casilinum
1471 510 1510 550 a
1542 487 1777 552 Poenis
1810 486 2141 549 obsessum
2181 485 2277 548 ita
2316 485 2486 548 fame

354 600 668 654 uexatum
698 598 796 651 est
812 636 832 664 ,
877 599 952 652 ut
981 589 1118 652 lora
1148 599 1212 652 et
1241 590 1441 671 pelles
1472 589 1673 652 scutis
1704 591 2021 652 detractas
2052 595 2116 650 et
2144 609 2359 650 mures
2387 587 2485 649 in-

354 691 520 756 clusi
562 701 798 756 essent.
876 691 1152 754 nucibus
1194 713 1308 773 per
1350 692 1754 756 Vulturnum
1797 711 2055 753 amnem
2094 710 2133 752 a
2173 688 2485 752 Romanis

355 792 568 856 missis
626 792 956 855 uixerunt.
1035 803 1295 856 senatus
1358 814 1441 855 ex
1491 792 1772 876 equestri
1833 791 2054 854 ordine
2112 789 2485 853 hominibus

291 908 320 957 5
352 914 575 959 cxcvn
621 894 962 977 suppletus
990 903 1110 957 est.
1173 896 1251 957 L.
1288 894 1665 958 Postumius
1708 903 1963 976 praetor
2002 917 2041 956 a
2084 892 2295 956 Gallis
2336 913 2487 955 cum

357 995 648 1060 exercitu
676 1017 898 1059 caesus
930 1004 1048 1058 est.
1129 997 1252 1060 Cn.
1291 1005 1355 1058 et
1385 998 1464 1058 P.
1505 995 1839 1080 Scipiones
1882 995 1954 1058 in
1997 993 2325 1078 Hispania
2365 994 2485 1071 As·
2587 1055 2603 1062 ,
2674 1017 2693 1033 ”

357 1098 690 1161 drubalem
713 1097 1010 1160 uicerunt
1040 1107 1106 1163 et
1146 1096 1542 1180 Hispaniam
1582 1119 1768 1160 suam
1806 1097 2116 1160 fecerunt.
2136 1103 2157 1166 Ι
2177 1070 2544 1178 1·θ].ἰ.(]ιιίθ,ε3”1

359 1198 721 1263 Cannensis
752 1198 1068 1261 exercitus
1098 1197 1171 1261 in
1201 1198 1492 1262 Siciliam
1519 1193 1841 1282 relegatae
1871 1209 2025 1262 sunt
2042 1247 2063 1276 ,
2110 1219 2195 1261 ne
2234 1199 2485 1260 recede-

355 1312 500 1365 rent
527 1301 682 1364 inde
711 1299 840 1363 nisi
868 1299 1056 1362 finito
1083 1300 1254 1363 bello
1327 1300 1747 1384 Sempronius
1771 1300 2105 1365 Gracchus
2128 1322 2258 1364 cos,
2294 1301 2483 1364 Cam·
2512 1285 2593 1297 ...-

261 1415 326 1465 10
355 1424 557 1485 panos
590 1400 842 1464 cecidit.
894 1400 1210 1464 Claudius
1316 1403 1588 1466 arcellus
1612 1412 1867 1484 praetor
1898 1401 2293 1464 Hannibalis
2310 1423 2485 1463 exer-

360 1503 565 1567 citum
596 1505 678 1566 ad
706 1502 948 1566 Nolam
976 1502 1219 1585 proelio
1251 1502 1422 1565 fudit
1453 1513 1518 1566 et
1548 1501 1732 1580 uicit,
1767 1503 2141 1586 primusque
2173 1512 2269 1565 tot
2291 1501 2485 1564 cladi-

355 1607 478 1668 bus
508 1605 694 1668 fessis
725 1603 1040 1666 Romanis
1069 1602 1400 1670 meliorem
1441 1626 1623 1687 spem
1659 1604 1816 1667 belli
1857 1605 2055 1668 dedit.
2117 1604 2286 1666 inter
2330 1601 2485 1667 Phi-

289 1696 297 1702 ’
357 1706 610 1788 lippum
641 1707 1060 1770 Macedoniae
1105 1727 1322 1788 regem
1363 1715 1428 1769 et
1468 1706 1913 1785 Hannibalem
1952 1706 2223 1770 societas
2262 1705 2488 1767 iuncta

357 1818 476 1871 est.
524 1821 852 1890 praeterea
879 1809 952 1871 in
981 1807 1308 1893 Hispania
1336 1807 1610 1872 feliciter
1638 1831 1677 1870 a
1694 1807 1929 1872 Publio
1960 1818 2025 1872 et
2046 1849 2101 1878 η
2118 1807 2197 1870 Τ.
2235 1805 2485 1871 Manlio

261 1919 327 1970 15
357 1920 646 1992 praetore
691 1911 998 1974 aduersus
1053 1913 1306 1974 Poenos
1361 1931 1460 1974 res
1511 1921 1727 1994 gestas
1780 1909 2071 1974 continet
2087 1958 2107 1986 ,
2164 1932 2203 1973 a
2216 1909 2487 1994 ,quibus

361 2012 740 2074 Hasdrubal
769 2013 905 2073 dux
933 2021 998 2074 et
1027 2013 1226 2096 Mago
1257 2022 1321 2075 et
1350 2013 1596 2077 Hanno
1626 2010 1820 2096 capti.
1878 2012 2197 2076 exercitus
2226 2011 2485 2076 Hanni-

358 2112 524 2176 balis
573 2135 690 2197 per
719 2112 990 2176 hiberna
1029 2113 1125 2177 ita
1164 2114 1533 2178 luxuriatus
1574 2125 1672 2179 est
1714 2124 1792 2177 ut
1837 2114 2118 2198 corporis
2161 2113 2485 2197 animique

361 2211 608 2278 iniibus
639 2236 832 2277 eneru
841 2225 1076 2279 aretur.

1061 2461 1188 2523 EX
1234 2460 1406 2523 LIB.
1456 2460 1777 2523 XXIIII.

256 2676 326 2724 20
357 2662 798 2747 Hieronymus
831 2664 1377 2747 Syracusanorum
1404 2686 1542 2740 rex,
1578 2664 1763 2727 cuius
1794 2674 1975 2747 pater
2005 2661 2211 2727 Hiero
2242 2658 2485 2724 amicus

357 2786 423 2847 p.
459 2766 545 2827 R.
582 2766 822 2841 fuerat,
860 2768 943 2828 ad
973 2765 1539 2850 Carthaginienses
1572 2766 1902 2831 defecit’et
1930 2777 2187 2850 propter
2216 2762 2488 2827 crudeli-

360 2875 561 2929 tatem
591 2866 1080 2952 superbiamque
1111 2890 1148 2929 a
1177 2867 1310 2945 suis
1341 2867 1713 2933 interfectus
1744 2879 1862 2933 est.
1900 2868 2046 2931 Tib.
2070 2865 2486 2950 Sempronius

359 2968 692 3033 Gracchus
722 2991 969 3052 procos.
1004 2992 1304 3054 prospere
1350 2971 1655 3034 aduersus
1702 2973 1955 3034 Poenos
1996 2980 2061 3032 et
2091 2969 2489 3031 Hannonem

357 3071 589 3132 ducem
617 3072 698 3133 ad
731 3074 1183 3134 Beneuentum
1223 3070 1545 3154 pugnauit
1591 3092 1923 3134 seruorum
1958 3070 2237 3133 maxime
2270 3090 2481 3150 opera,

255 3181 324 3231 25
356 3192 515 3253 quos
543 3171 778 3236 liberos
809 3195 948 3237 esse
978 3172 1188 3237 iussit.
1241 3171 1557 3235 Claudius
1589 3172 1937 3235 Marcellus
1970 3193 2098 3234 cos,
2134 3170 2206 3232 in
2238 3169 2485 3246 Sicilia,

359 3293 524 3354 quae
546 3295 743 3357 prope
758 3284 895 3337 tota
924 3277 1004 3338 ad
1017 3277 1267 3339 Poenos
1282 3274 1623 3350 defecerat,
1663 3274 2009 3357 Syracusas
2027 3273 2296 3337 obsedit.
2336 3272 2489 3336 Phi-

354 3373 532 3456 lippo
565 3376 998 3439 Macedonum
1027 3377 1164 3461 regi
1201 3378 1446 3441 bellum
1475 3376 1796 3441 indictum
1838 3386 1972 3454 est,
2018 3376 2131 3461 qui
2176 3378 2258 3440 ad
2295 3377 2492 3461 Apol·

358 3472 600 3537 Ioniam
627 3486 946 3540 nocturno
980 3479 1224 3561 proelio
1264 3481 1601 3563 obpressus
1646 3480 2036 3562 fugatusque
2078 3478 2149 3542 in
2194 3472 2515 3543 Macedo·'

359 3776 389 3825 2
415 3774 546 3828 item
570 3793 750 3830 mures
774 3795 806 3830 r
832 3779 850 3849 η
875 3778 1059 3832 indusi
1083 3792 1155 3844 N,
1185 3799 1269 3832 om
1321 3799 1352 3833 r
1379 3781 1396 3850 ss
1425 3786 1454 3835 3
1492 3789 1551 3835 et
1586 3784 1817 3838 nucibus
1860 3802 1925 3847 ςν
1963 3784 1979 3855 Ι]
2018 3788 2049 3836 4
2090 3781 2330 3835 uixerint
2363 3799 2394 3833 r
2418 3782 2437 3851 η
2464 3786 2495 3834 9

354 3866 581 3918 graecus
616 3866 669 3906 Ν
701 3854 719 3923 ΙΙ
763 3858 825 3908 10
864 3857 1106 3927 praetor]
1144 3875 1354 3927 procos.
1395 3859 1591 3913 Liuius
1632 3865 1697 3914 32
1726 3864 1743 3932 ss
1787 3865 1847 3914 13
1898 3862 2253 3915 macedonum
2292 3877 2358 3922 ςν
2382 3860 2400 3929 ΙΙ
2432 3864 2494 3913 14

351 3924 451 3978 On.
483 3926 830 3999 Scipionibus
844 3971 858 3996 ‚
902 3933 959 3985 in
988 3932 1238 3987 Sardinia
1261 3952 1294 3987 a
1331 3934 1583 3991 excudam
1605 3944 1743 4006 puto
1770 3941 1787 4007 ΙΙ
1820 3943 1880 3992 15
1916 3957 1949 3991 a
1987 3956 2095 4009 quo
2131 3938 2417 3993 Ascensim
2446 3938 2464 4009 ΙΙ

353 4005 414 4054 17
451 4004 682 4059 hiberna
716 4007 931 4079 Capuae
969 4008 1047 4061 ita
1070 4027 1101 4061 r
1126 4010 1143 4080 Η
1170 4016 1255 4062 est
1277 4028 1361 4062 om
1394 4022 1448 4063 N
1467 4012 1484 4081 ss
1512 4029 1799 4083 corporum
1848 4016 2059 4069 uiribus
2097 4021 2259 4085 atque
2292 4017 2497 4070 animo·-

342 4095 530 4210 rumNr
555 4082 579 4228 Ιῆ
600 4086 666 4137 20
703 4103 838 4140 auus
884 4088 1059 4141 Aldus
1092 4088 1293 4141 eLim‘o
1339 4092 1370 4141 4
1399 4090 1416 4161 Ι]
1443 4094 1508 4144 22
1534 4092 1597 4144 Τ.
1626 4109 1657 4143 r
1692 4093 1711 4163 R
1746 4095 1811 4145 23
1847 4092 2211 4147 Hannibalem
2247 4112 2280 4147 r
2305 4096 2322 4166 ΙΙ
2348 4098 2415 4149 28
2438 4095 2497 4147 in

343 4174 428 4209 om
503 4178 537 4221 ς
