3052 4823
553 315 702 372 XVI
793 307 798 312 ’
985 391 990 396 ι
1239 371 1246 378 ,
1419 301 1815 380 ΡιιΑΕΡΑΤιὸ.

494 503 500 509 ·
554 479 832 562 peperci,
870 463 1264 562 quamquam
1293 480 1510 544 nescio
1544 501 1627 542 an
1658 479 1887 566 critico
1932 481 2140 544 officio
2168 475 2361 566 longe
2406 485 2689 554 maxime

554 585 849 678 crucibus
865 595 930 648 et
943 585 1260 650 asteriscis
1295 586 1730 650 adscribendis
1745 586 2007 650 functus
2038 587 2189 652 sim.
2224 589 2519 654 omnium
2547 613 2680 654 ma·

554 692 727 784 xime
765 691 1032 783 nomi-na
1058 692 1318 775 propria
1351 693 1709 794 deprauata
1740 713 1877 760 esse
1919 703 2426 760 consentaneum
2464 686 2585 774 est,
2622 709 2688 761 et

551 798 968 882 praenomina
997 799 1390 882 quantopere
1419 809 1716 882 corrupta
1747 797 1879 861 sint
1907 799 2036 861 dici
2047 800 2161 863 uix
2190 809 2423 899 potest,
2444 826 2683 885 -·quam

552 913 780 990 quam
776 905 1007 969 horum
1038 905 1166 968 fere
1197 904 1352 969 satis
1383 914 1557 967 certa
1597 904 1960 994 emendatio
2006 928 2144 970 esse
2172 907 2354 972 solet.
2405 921 2683 993 praeter·
2760 947 2767 955 ·

523 1065 533 1072 .
554 1035 750 1096 quam
772 1013 942 1096 quod
959 1009 1218 1094 singula
1245 1011 1439 1073 uerba
1455 1010 1691 1074 uitiose
1722 1011 2039 1095 descrlpta
2052 1025 2207 1076 sunt
2234 1015 2496 1080 lacunis·
2514 1017 2681 1078 mul-
2755 1042 2761 1048 ·

555 1119 640 1182 tis
668 1118 974 1184 miserum
1003 1116 1073 1179 in
1103 1118 1367 1180 modum
1383 1118 1759 1200 deturpatus
1787 1127 1884 1179 est
1908 1117 2189 1184 libellus.
2239 1119 2507 1184 etinitio
2533 1145 2683 1186 eum
2764 1153 2785 1165 ·-

554 1224 928 1288 mutilatum
959 1245 1103 1291 esse.
1125 1221 1365 1290 indicio
1395 1234 1492 1286 est
1521 1221 1755 1286 titulus
1788 1223 1867 1286 ab
1896 1224 2067 1287 Aldo
2094 1225 2457 1311 propositus
2498 1221 2690 1292 ‘Iulii

563 1329 972 1414 Obsequentis
1007 1330 1098 1392 ab
1141 1349 1308 1393 anno
1351 1327 1529 1391 urbi-5
1574 1329 1864 1394 conditae
1921 1330 2418 1420 quinqentesimo
2462 1333 2681 1416 quinto

434 1482 439 1488 -
541 1436 990 1522 prodiqior‘um
1023 1435 1182 1514 liber
1206 1426 1663 1519 impin-*fectus³
1672 1481 1686 1495 .
1736 1457 1927 1520 quem
1958 1457 2118 1504 cum
2160 1437 2520 1520 excogitare
2550 1461 2700 1502 ιιοιι.

377 1561 383 1568 ·
501 1598 516 1614 ,
554 1536 838 1628 potu'erit
868 1541 1105 1618 Aldus,
1153 1539 1282 1605 nisi
1313 1537 1484 1623 quod
1513 1537 1943 1624 inperfectum
1970 1541 2210 1605 librum
2240 1565 2377 1607 esse
2407 1543 2543 1626 ipse
2568 1527 2682 1613 ad·
2687 1597 2695 1604 .
2722 1544 2733 1592 ’-

497 1645 501 1650 ’
555 1650 754 1727 didit,
804 1649 876 1712 in
917 1650 1048 1711 fine
1087 1633 1330 1710 codicis
1385 1645 1817 1731 subscriptum
1866 1633 2194 1729 inuenerit
2245 1671 2505 1714 necesse
2558 1663 2675 1715 est.
2710 1682 2715 1686 ·
2788 1727 2797 1735 .

555 1778 683 1838 quo
713 1768 861 1817 cum
891 1755 1269 1816 edoceamur
1299 1752 1780 1834 Obsequentem
1806 1732 2097 1858 prodigia
2128 1753 2279 1818 inde
2311 1756 2390 1818 ab
2420 1771 2478 1819 a.
2516 1779 2583 1819 ιι.
2619 1779 2675 1820 c.
2706 1761 2711 1766 ’
2814 1743 2821 1750 ’

555 1883 654 1944 nv
677 1863 1016 1924 obseruata
1045 1858 1488 1943 conposuisse,
1533 1869 1794 1954 apparet
1823 1858 2087 1942 periisse
2118 1859 2335 1924 omnia
2364 1861 2678 1963 prodigia,

457 1997 465 2006 ·
533 1989 721 2057 *quae
753 1968 833 2029 ab
864 1988 937 2028 eo
966 1964 1120 2053 inde
1147 1987 1340 2054 anno
1348 1971 1553 2050 usque
1584 1965 1665 2026 ad
1697 1986 1755 2030 a.
1786 1987 1850 2026 u.
1882 1975 2219 2034 c.DLx1111
2252 1955 2677 2031 enumerauit'.

441 2073 446 2080 ’
557 2073 716 2154 haec
747 2082 812 2136 et
841 2071 896 2135 si
927 2085 1102 2154 quae
1105 2047 1246 2135 alia
1267 2070 1565 2176 prodigia
1609 2070 1846 2162 omissa
1886 2068 2281 2158 uidebantur
2303 2088 2384 2135 ex
2414 2072 2687 2154 aliorum
2726 2113 2731 2116 -

556 2178 950 2260 scriptorum
979 2169 1361 2256 testimoniis
1409 2176 1728 2260 disposuit
1772 2177 2105 2256 conradus
2148 2154 2588 2273 Lycostlienes
2619 2190 2686 2242 et

556 2283 956 2367 Obsequenti
987 2283 1269 2361 addidit,¹
1293 2275 1455 2367 quae
1485 2293 1561 2346 ut
1588 2291 1866 2368 prorsus
1874 2283 2137 2346 inutilia
2158 2305 2232 2372 eo
2256 2283 2468 2368 magis
2500 2284 2687 2348 omit·
2773 2298 2780 2304 ’

518 2397 530 2410 ”
559 2395 754 2457 tenda
784 2401 961 2457 ratus
993 2414 1174 2469 sum,
1213 2392 1382 2475 quod
1411 2389 1705 2457 homines
1736 2389 2101 2474 ceteroquin
2134 2366 2313 2454 haud
2342 2387 2688 2476 indiligen÷

561 2512 656 2564 tes
699 2499 875 2563 hisce
921 2492 1388 2581 supplementis
1430 2497 1728 2582 deceptos
1772 2519 1910 2561 esse
1954 2496 2127 2574 uidi3
2194 2496 2425 2561 addidi
2470 2508 2701 2567 tamen-

559 2628 860 2669 numeros
891 2604 1209 2693 capitum,
1259 2604 1481 2685 quales
1509 2603 1946 2695 Lycosthenes
1975 2598 2306 2685 posuerat,
2330 2603 2637 2703 quibus*
2619 2627 2713 2673 ιιι,
2754 2626 2763 2635 ·

531 2712 820 2789 'citando
850 2709 971 2772 hoc
1000 2709 1164 2787 libro
1187 2708 1321 2771 uiri
1364 2708 1569 2780 docti
1577 2708 1677 2770 uti
1720 2708 1949 2781 solent.
1998 2708 2069 2771 in
2110 2708 2251 2792 ipso
2286 2726 2497 2799 opere
2524 2700 2694 2773 nihil
2720 2710 2757 2745 ·’

563 2814 973 2899 frequentius
1006 2823 1125 2877 est
1147 2835 1340 2897 quam
1384 2810 1727 2889 consulum
1783 2794 2048 2879 nomina
2086 2814 2443 2893 excidisse,
2477 2796 2693 2896 credo
2730 2798 2761 2844 .·

533 2920 544 2981 ’.
564 2922 718 3006 quia
747 2921 901 2985 olim
931 2926 1112 2983 extra
1156 2918 1444 2982 ordinem
1490 2914 1809 3002 adscripta
1844 2931 2063 2997 erant,
2110 2920 2211 2983 cf.
2247 2944 2313 3005 p.
2367 2902 2519 2998 112,
2552 2930 2684 2985 ..10
2720 2914 2727 2921 ’
2798 2958 2805 2966 -

571 3034 713 3106 119,
753 3034 855 3107 20.
901 3033 1173 3103 120,10.
1220 3030 1360 3103 121,
1393 3032 1453 3087 4.
1497 3031 1641 3103 126,
1674 3028 1919 3104 5..131,
1962 3032 2216 3103 13;’.20
2261 3033 2403 3104 133,
2434 3006 2684 3105 9.134,

569 3141 647 3213 63
688 3141 791 3197 22.
841 3134 1000 3197 haec
1050 3122 1427 3216 plerumque
1473 3130 1629 3197 satis
1673 3130 1844 3195 certo
1871 3122 2087 3196 'inseri
2139 3123 2519 3217 potuerant,
2579 3136 2693 3217 sed

563 3263 724 3311 cum,
741 3263 882 3304 raro
914 3239 1223 3303 affirmari·
1242 3238 1461 3325 liceret
1489 3239 1660 3301 nihil
1674 3248 1923 3321 praeter
1951 3260 2038 3301 ea·
2054 3238 2318 3307 nomina
2338 3239 2683 3321 excidisse,
2710 3314 2727 3323 ι,

491 3382 496 3387 ·
563 3350 865 3411 lacunam
893 3345 1175 3415 indicare
1207 3354 1272 3407 et
1299 3344 1643 3406 consulum
1684 3343 1972 3429 nomina¹
1994 3340 2347 3429 subnotare
2372 3340 2536 3409 'sa-tis
2565 3345 2697 3417 -ha-
2758 3384 2763 3389 ·

563 3453 698 3517 bui.
764 3450 920 3525 alias
962 3450 1180 3513 turbas
1228 3448 1569 3512 consulum
1609 3448 1875 3511 nomina
1917 3470 1981 3532 p.
2027 3444 2144 3511 133
2159 3497 2180 3526 ,
2221 3454 2300 3512 23
2336 3452 2684 3529 ,ded-enuit,

565 3559 677 3622 ubi
719 3560 794 3622 C.
843 3555 1117 3620 Antonii
1174 3569 1418 3638 proco'S.
1477 3554 1729 3618 mentio'
1773 3555 1875 3617 M.
1936 3554 2235 3640 Cicerone
2286 3558 2379 3629 Q:
2408 3556 2691 3621 Antonio

565 3687 719 3729 coss.
755 3661 1147 3747 procreauit,
1198 3670 1408 3740 totum
1448 3659 1863 3725 enuntiatum
1904 3680 2057 3724 uero
2099 3660 2241 3725 loco
2270 3674 2523 3735 motum
2553 3672 2687 3738 θεῖς

565 3792 693 3856 qua
723 3769 1095 3853 confusione
1125 3767 1250 3830 loci
1292 3767 1652 3849 corruptela
1682 3767 1916 3831 certius
1950 3766 2145 3830 etiam
2191 3768 2685 3833 demonstratur.

563 3902 628 3963 p.
671 3885 832 3955 134,
861 3885 935 3940 10
966 3874 1152 3939 facile
1181 3872 1456 3957 perspici
1477 3882 1691 3956 potest
1714 3871 2035 3937 Domitios
2067 3850 2384 3953 consules,
2422 3890 2696 3988 quorum

566 3986 725 4048 alter
756 3946 953 4048 Gneii
983 3982 1142 4045 alter
1172 3978 1361 4045 Lucii
1389 3977 1807 4063 praenomine
1851 4000 2007 4042 usus
2054 3986 2189 4054 est,
2246 3976 2582 4067 librarium
2623 3974 2695 4037 in

564 4110 839 4154 errorem
867 4088 1197 4153 induxisse
1211 4136 1230 4165 ,
1286 4106 1675 4170 quamquam
1708 4107 1833 4168 quo
1861 4086 2051 4147 modo
2083 4082 2237 4187 olim
2266 4058 2579 4166 scriptum
2608 4079 2695 4143 sit
2808 4068 2825 4115 Γ
