3052 4823
561 321 644 380 44
1435 341 1818 384 ramocnffl

559 497 976 570 mentumque
1005 509 1271 572 operum
1300 509 1564 552 suorum
1594 488 2018 562 Gracchurim
2062 488 2372 571 oppidum
2416 490 2484 552 in
2532 490 2687 554 His-

559 588 753 672 pania
781 588 1140 652 constituit.
1199 600 1263 652 et
1311 611 1348 652 a
1393 591 1731 654 Postumio
1760 590 1997 653 Albino
2028 612 2272 672 procos.
2311 592 2587 656 Vaccaei
2616 613 2687 654 ac

561 691 862 756 Lusitani
920 691 1171 754 subacti
1223 701 1396 754 sunt.
1474 702 1743 774 uterque
1796 691 2247 774 triumphauit.
2328 691 2689 756 Antiochus
2727 737 2735 741 -

559 791 869 856 Antiochi
899 792 1074 855 filius
1105 793 1286 856 obses
1318 815 1356 857 a
1385 803 1567 875 patre
1596 792 1909 857 Romanis
1941 795 2130 856 datus
2150 842 2169 869 ,
2214 805 2469 858 mortuo
2498 793 2691 856 fratre

564 894 834 958 Seleuco
853 941 873 969 ,
909 892 1022 975 qui
1049 893 1221 975 patri
1263 894 1569 959 defuncto
1599 905 1991 959 successerat
2009 943 2029 970 ‚
2066 895 2136 957 in
2167 917 2440 978 regnum
2472 894 2692 978 Syriae
2724 908 2755 957 5

563 997 642 1059 ab
673 996 834 1058 urbe
862 981 1185 1058 dimissuS.
1249 995 1361 1077 qui
1389 1006 1640 1079 praeter
1670 996 2050 1080 religionem
2068 1045 2087 1072 ,
2137 1019 2265 1078 qua
2294 997 2506 1058 multa
2530 1006 2689 1058 tem-

563 1097 669 1180 pla
699 1095 1042 1178 magnifica
1083 1095 1304 1159 multis
1345 1096 1512 1160 locis.
1548 1096 1751 1159 erexit
1769 1145 1789 1172 ‚
1856 1097 2132 1161 Athenis
2179 1097 2358 1161 Iouis
2404 1095 2691 1180 Olympii

565 1206 630 1258 et
656 1195 1041 1260 Antiochiae
1072 1197 1458 1281 Capitolini,
1518 1197 1907 1261 uilissimum
1948 1221 2164 1282 regem
2208 1199 2364 1282 egit.
2412 1199 2693 1261 lustrum

565 1320 604 1361 a
661 1299 1028 1363 censoribus
1087 1299 1420 1364 conditum
1477 1309 1596 1363 est.
1690 1321 1883 1362 censa
1953 1311 2107 1363 sunt
2164 1300 2413 1363 ciuium
2484 1299 2698 1383 capita

565 1390 808 1464 'CCLVIII
839 1419 1134 1462 ccxcnn.
1198 1401 1280 1468 Q.
1317 1401 1645 1466 Voconius
1690 1401 1863 1464 Saxa
1902 1412 1983 1464 tr.
2019 1402 2110 1485 pl.
2159 1401 2368 1484 legem
2412 1400 2564 1464 tulit
2616 1423 2697 1463 ne
2732 1414 2799 1462 10

565 1502 710 1586 quis
738 1500 1075 1565 mulierem
1103 1501 1402 1566 heredem
1430 1502 1819 1566 institueret.
1884 1503 2088 1566 suasit
2116 1504 2328 1585 legem
2371 1503 2467 1564 M.
2504 1503 2691 1564 Cato.'

567 1614 746 1668 extat
776 1603 978 1667 oratio
1009 1603 1182 1666 eius:
1207 1614 1536 1686 praeterea
1564 1626 1662 1667 res
1691 1606 1999 1668 aduersus
2030 1604 2305 1688 Ligures
2340 1615 2405 1668 et
2434 1603 2696 1665 Histros

567 1715 632 1770 et
665 1693 897 1778 Sardos
928 1714 993 1766 et
1022 1705 1375 1768 Celtiberos
1417 1727 1457 1768 a
1499 1694 1915 1788 conpluribus
1958 1705 2229 1772 ducibus
2260 1725 2557 1787 prospere
2586 1725 2695 1787 ge-

567 1818 698 1870 stas
729 1815 796 1868 et
823 1805 1012 1868 initia
1037 1804 1192 1890 belli
1222 1805 1627 1869 Macedonici
1672 1807 1983 1882 continet,
2019 1809 2191 1889 quod
2223 1809 2495 1870 Perseus
2540 1805 2695 1868 Phi-

566 1908 731 1992 lippi
758 1907 932 1972 filius
961 1905 1370 1969 moliebatur.
1421 1908 1682 1971 miserat
1712 1910 1794 1971 ad
1825 1893 2395 1992 Carthaginienses
2426 1907 2694 1990 legatio·
2732 1920 2797 1968 15

505 2007 512 2012 ’
570 2032 754 2084 nem3
809 2031 886 2072 ea
917 2010 997 2071 ab
1027 2007 1130 2071 his
1159 2018 1347 2072 nocte
1378 2008 1605 2072 audita
1633 2020 1791 2074 erat.
1844 2014 1957 2074 sed
1986 2022 2051 2074 et
2078 2010 2237 2075 alias
2268 2009 2581 2074 Graeciae
2612 2008 2699 2072 ci-

570 2111 806 2175 uitates
837 2109 1246 2173 sollicitabat.

1323 2345 1451 2408 EX
1497 2345 1675 2408 LIB.
1726 2346 1955 2410 XLII.

572 2538 654 2605 Q.
693 2533 967 2597 Fuluius
1011 2534 1281 2596 Flaccus
1326 2552 1553 2595 censor
1593 2532 1910 2615 templum
1950 2534 2224 2598 Iunonis
2272 2534 2575 2599 Laciniae
2606 2543 2697 2596 te-

569 2636 741 2721 gulis
771 2634 1139 2723 marmoreis
1169 2632 1474 2717 spoliauit
1492 2680 1512 2709 ,
1561 2642 1635 2695 ut
1680 2634 1902 2696 aedem
1947 2658 2140 2717 quam
2171 2635 2579 2699 dedicauerat
2609 2644 2700 2696 te·
2734 2646 2803 2695 20

569 2746 770 2820 geret.
835 2735 1095 2819 tegulae
1144 2757 1225 2798 ex
1265 2735 1391 2798 SC.
1428 2744 1810 2816 reportatae.
1862 2736 2187 2801 Eumenes
2230 2737 2427 2800 Asiae
2470 2742 2585 2799 rex
2629 2735 2700 2798 in

573 2846 802 2901 senatu
833 2838 911 2898 de
944 2838 1178 2899 Perseo
1210 2836 1629 2899 Macedoniae
1659 2859 1807 2919 rege
1837 2848 2100 2921 questus
2132 2847 2263 2914 est,
2310 2839 2495 2902 cuius
2525 2837 2693 2900 iniu-

572 2938 703 3001 riae
748 2938 818 3000 in
857 2928 1170 3021 populum
1212 2940 1580 3001 Romanum
1637 2939 2025 3002 referuntur.
2096 2940 2176 3003 ob
2222 2962 2380 3039 quas
2426 2940 2597 3030 bello
2642 2938 2705 3002 ei

572 3039 816 3102 indicto
861 3041 936 3102 P.
976 3039 1267 3103 Licinius
1312 3042 1585 3103 Crassus
1628 3062 1786 3117 cos.,
1838 3041 1946 3103 cui
1986 3042 2369 3103 mandatum
2414 3053 2583 3116 erat,
2633 3039 2702 3101 in

573 3141 1022 3205 Macedoniam
1067 3141 1326 3205 transiit
1367 3142 1752 3227 lenibusque
1797 3142 2349 3226 expeditionibUS,
2400 3140 2705 3223 equestri·
2738 3153 2809 3203 25

572 3246 694 3307 bus
725 3242 982 3325 proeliis
1029 3242 1098 3305 in
1147 3243 1482 3306 Thessalia
1524 3267 1676 3308 cum
1718 3239 1953 3309 P'erseo
1978 3252 2009 3313 ζ.
2060 3254 2305 3309 euentu
2349 3241 2696 3326 pugnauit.
2730 3268 2739 3275 ·

580 3546 603 3594 1
635 3538 988 3595 Gracchurim
1010 3537 1310 3590 Frobe-nius
1329 3560 1347 3590 .-
1385 3541 1746 3610 gracchurum
1768 3552 1832 3605 N,
1863 3516 2219 3611 gracchorum
2257 3557 2323 3601 ςν
2348 3539 2365 3609 ΙΙ
2394 3542 2423 3590 3
2450 3537 2518 3590 de
2544 3536 2707 3588 utris-

577 3635 682 3691 que
706 3636 737 3669 r
762 3616 781 3687 ΙΙ
807 3619 840 3668 4
863 3614 1125 3668 Romanis
1150 3632 1183 3667 a
1206 3621 1359 3685 patre
1383 3634 1414 3667 r
1440 3616 1458 3686 ΙΙ
1486 3621 1517 3670 6
1544 3618 1639 3687 qui
1656 3649 1715 3657 —
1731 3618 1846 3687 egit
1858 3623 1988 3687 post
2002 3617 2330 3670 sollicitabat
2343 3634 2406 3685 p.
2427 3616 2583 3678 44‚17
2610 3613 2707 3664 ha-

579 3698 702 3751 bent
718 3707 850 3759 Νςν,
884 3693 1213 3762 έναηφοεαίι
1238 3695 1542 3767 G'ronout'us
1568 3696 1585 3766 ΙΙ
1613 3714 1721 3766 qua
1752 3696 2055 3751 Gronouius
2069 3717 2087 3747 .-
2116 3713 2278 3765 quam
2291 3708 2392 3759 Νς,
2424 3710 2531 3763 qua
2544 3708 2710 3761 quam

576 3793 607 3827 r
632 3775 650 3846 ΙΙ
679 3779 705 3827 7
746 3773 906 3827 sociis
939 3785 1024 3835 Νς
1061 3772 1079 3843 ΙΙ
1119 3775 1148 3825 8
1189 3771 1482 3843 Capitolini
1517 3777 1627 3829 add
1659 3776 1910 3846 Siqonius
1947 3794 1975 3827 e
2004 3773 2165 3826 Liuio
2200 3776 2265 3825 20
2282 3794 2299 3823 .·
2340 3791 2424 3824 om
2457 3784 2572 3833 Νςν
2597 3771 2615 3840 ΙΙ
2648 3775 2710 3823 10

580 3869 807 3912 ccmnn
831 3854 982 3907 milia
1005 3871 1036 3905 r
1061 3854 1079 3925 ΙΙ
1104 3852 1380 3906 Voconius
1419 3854 1671 3924 Siqonius
1689 3878 1707 3907 .·
1750 3854 2002 3909 uolonius
2035 3864 2146 3915 Νς,
2186 3850 2512 3904 Volumnius
2537 3866 2568 3900 r
2594 3850 2611 3919 ΙΙ
2646 3852 2704 3901 11

579 3932 834 3985 heredem
858 3928 1139 3983 mulierem
1167 3946 1232 3990 ςν
1258 3928 1275 3997 ΙΙ
1307 3931 1368 3981 12
1394 3936 1583 3983 contra
1607 3948 1638 3982 r
1663 3932 1680 4002 [Ι
1707 3931 1912 4001 liguras
1935 3940 1986 3982 N
2006 3928 2023 3998 ss
2051 3936 2106 3982 et
2129 3948 2213 3981 om
2249 3947 2280 3981 r
2306 3930 2323 3999 fl
2356 3932 2418 3982 13
2444 3934 2500 3981 et
2523 3945 2607 3979 om
2632 3944 2665 3979 r
2690 3926 2709 3996 ΙΙ

586 4013 647 4063 13
672 4025 927 4079 prospere
951 4026 1035 4060 om
1059 4026 1092 4061 r
1116 4008 1134 4078 ΙΙ
1161 4006 1342 4078 gestas
1367 4008 1613 4062 continet
1636 4015 1692 4061 et
1714 4026 1747 4061 r
1770 4009 1790 4077 ll
1821 4010 1883 4059 16
1908 4024 1971 4059 ea
1992 4005 2187 4075 scripsi
2195 4026 2213 4057 .·
2255 4015 2310 4059 et
2344 4016 2459 4068 Νςν
2484 4002 2502 4073 ΙΙ
2531 4006 2595 4076 19
2629 4002 2713 4055 iu-

580 4088 740 4147 nonis
777 4086 1006 4140 latasine
1038 4097 1089 4139 N
1109 4085 1128 4156 11
1156 4088 1220 4138 20
1257 4085 1545 4139 dedicabat
1569 4104 1600 4138 r
1625 4087 1641 4155 ΙΙ
1669 4090 1734 4140 24
1760 4086 1850 4139 cni
1872 4083 2199 4138 Macedonia
2232 4083 2451 4136 decreta
2488 4088 2604 4135 erat
2638 4100 2671 4135 r
2696 4082 2716 4153 ΙΙ

588 4170 653 4219 26
688 4182 947 4235 prospero
973 4167 1176 4219 euentu
1201 4183 1251 4229 ς,
1284 4166 1427 4219 felici
1453 4170 1655 4219 euentu
1683 4183 1733 4229 ς,
1764 4180 1954 4234 parum
1978 4161 2124 4215 felici
2149 4167 2352 4215 euentu
2376 4178 2408 4213 r
2433 4160 2452 4230 Η
