3052 4823
544 339 582 400 6
1418 359 1801 402 1101110οΗ111]

541 509 610 572 111
643 507 864 570 odium
893 506 995 570 sui
1025 506 1399 570 adduxisset
1413 556 1433 584 ,
1469 509 1553 570 ad
1582 507 1889 572 ultimum
1930 519 2187 592 propter
2230 521 2669 592 expugnatam

541 620 860 674 nocturna
888 608 958 672 ui
987 631 1028 671 a
1057 609 1255 672 Sexto
1296 609 1433 673 filio
1464 610 1603 673 eius
1646 609 1985 696 Lucretiae
2024 611 2403 692 pudicitiam
2419 661 2439 688 ,
2503 634 2669 695 quae

543 714 622 775 ad
655 734 722 775 se
765 721 994 775 uocato
1036 721 1217 793 patre
1261 711 1647 795 Tricipitino
1692 723 1756 775 et
1799 712 1942 776 uiro
1986 713 2310 777 Collatino
2353 715 2670 777 obtestata

543 836 626 876 ne
655 813 867 877 inulta
898 835 1067 876 mors
1098 811 1235 876 eius
1266 822 1434 876 esset
1479 815 1686 876 cultro
1731 836 1799 878 se
1839 815 2199 892 interfecit,
2248 815 2437 878 Bruti
2480 837 2669 898 opera

543 916 824 978 maxime
856 915 1164 998 expulsus
1195 923 1325 990 est,
1361 936 1510 977 cum
1539 927 1871 998 regnasset
1902 939 2105 981 annos
2133 937 2299 982 xxv.
2348 927 2491 979 tum
2522 938 2671 979 0011-
2705 928 2735 976 5

545 1017 718 1080 sules
771 1016 968 1080 creati
1019 1027 1173 1079 sunt
1229 1017 1306 1078 L.
1357 1016 1591 1080 Iunius
1638 1021 1877 1083 Brutus
1930 1021 2008 1083 L.
2061 1018 2453 1101 Tarquinius
2500 1020 2668 1083 Con-

544 1119 809 1183 latinus.
1252 1119 1263 1128 '

1359 1309 1486 1370 EX
1533 1311 1709 1372 LIB.
1762 1311 1857 1372 II.

548 1496 789 1558 Brutus
831 1493 1242 1558 iureiurando
1295 1495 1611 1580 populum
1666 1496 2033 1573 adstrinxit,
2066 1494 2392 1560 neminem
2426 1495 2673 1556 Romae

549 1617 813 1680 regnare
842 1617 1205 1677 passurum.
1258 1597 1685 1680 Tarquinium
1709 1598 2112 1662 Cantinum
2139 1598 2448 1680 collegam
2483 1617 2675 1659 suum
2710 1607 2773 1656 10

548 1707 804 1780 propter
835 1698 1238 1761 adfinitatem
1269 1700 1768 1783 Tarquiniorum
1800 1711 2172 1784 suspectum
2204 1699 2413 1782 coegit
2442 1720 2672 1761 consu-

548 1799 687 1860 latu
717 1821 784 1862 se
815 1799 1108 1863 abdicare
1140 1810 1204 1862 et
1234 1800 1496 1866 ciuitate
1538 1805 1780 1867 cedere.
1828 1806 2001 1866 bona
2042 1823 2267 1884 regum
2309 1799 2501 1885 diripi
2540 1799 2673 1862 ius-

551 1901 669 1978 sit,
705 1924 931 1985 agrum
962 1902 1159 1964 Marti
1201 1905 1633 1981 consecrauit,
1680 1905 1793 1990 qui
1837 1926 2102 1988 campus
2146 1903 2425 1968 Martius
2468 1901 2674 1964 nomi·
2744 1917 2749 1923 ·

551 2014 742 2066 natus
775 2013 892 2067 est.
943 2005 1382 2069 adulescentes
1413 2007 1662 2070 nobiles
1680 2056 1701 2084 ,
1752 2007 1823 2069 in
1863 2006 2095 2090 quibus
2137 2028 2285 2069 suos
2328 2025 2579 2088 quoque
2610 2016 2676 2066 et

551 2105 766 2170 fratris
794 2106 962 2169 filios
980 2155 1002 2182 ,
1058 2106 1210 2192 quia
1238 2108 1735 2172 coniurauerant
1764 2110 1842 2172 de
1871 2107 2257 2192 recipiendis
2282 2107 2541 2190 regibus
2584 2127 2677 2169 se·
2714 2117 2777 2167 15

553 2207 692 2272 curi
719 2208 1054 2292 percussit.
1107 2231 1293 2273 seruo
1321 2210 1547 2287 indici,
1582 2210 1687 2274 cui
1704 2210 2008 2276 Vindicio
2038 2231 2274 2273 nomen
2303 2208 2452 2283 fuit,
2488 2207 2675 2272 liber-
2780 2239 2783 2244 ·

553 2319 755 2373 tatem
783 2311 960 2374 dedit
975 2335 994 2387 3
1045 2333 1126 2374 ex
1155 2313 1340 2376 cuius
1368 2312 1631 2376 nomine
1660 2313 1951 2376 uindicta
1981 2311 2325 2394 appellata.
2387 2331 2535 2372 cum
2569 2311 2676 2372 ad-

553 2435 778 2477 uersus
808 2436 988 2497 reges
1007 2463 1027 2491 ,
1077 2415 1187 2498 qui
1232 2416 1577 2480 contractis
1621 2415 1973 2482 Veientum
2016 2423 2079 2476 et
2110 2410 2683 2496 Tarquiniensium

553 2514 753 2599 copiis
782 2516 1027 2579 bellum
1055 2515 1448 2597 intulerant,
1503 2520 1858 2583 exercitum
1887 2516 2215 2592 duxisset,
2263 2514 2333 2577 in
2364 2514 2500 2577 acie
2530 2536 2679 2577 cum

448 2643 452 2651 ·
552 2618 834 2681 Arrunte
873 2618 1010 2683 filio
1056 2620 1328 2702 Superbi
1371 2633 1807 2685 commortuus
1851 2629 1949 2683 est
1961 2643 1980 2695 3
2032 2640 2309 2701 eumque
2352 2627 2681 2680 matronae
2711 2626 2779 2677 20

555 2742 725 2783 anno
755 2694 1102 2783 luxerunt.l
1137 2723 1214 2784 P.
1250 2722 1549 2808 Valerius
1580 2723 1807 2785 consul
1848 2722 2060 2805 legem
2103 2722 2183 2783 de
2222 2718 2679 2805 prouocatione

556 2822 637 2884 ad
679 2821 994 2903 populum
1044 2822 1252 2917 tulit.2
1298 2823 1693 2907 Capitolium
1739 2823 2104 2886 dedicatum
2150 2832 2269 2884 est.
2348 2822 2682 2884 Porsenna

556 2922 972 2986 Clusinorum
1001 2946 1116 2986 rex
1158 2925 1330 2987 bello
1371 2948 1486 3009 pro
1518 2925 1887 3009 Tarquiniis
1918 2936 2217 3008 suscepto
2264 2945 2413 2985 011111
2454 2923 2535 2986 ad
2580 2922 2683 2983 Ia-

555 3025 847 3088 niculum
898 3025 1222 3103 uenisset,
1284 3050 1367 3091 ne
1421 3028 1707 3091 Tiberim
1769 3027 2069 3092 transiret
2120 3025 2361 3089 uirtute
2414 3022 2681 3089 Coclitis

555 3128 791 3192 Horati
821 3128 1182 3213 prohibitus
1215 3141 1331 3195 est.
1385 3132 1531 3215 qui,
1566 3133 1721 3194 dum
1751 3130 1863 3194 alii
1903 3139 2168 3215 pontem
2200 3126 2558 3191 Sublicium
2588 3146 2683 3187 re-
2714 3134 2781 3185 25

555 3402 948 3472 comprobauit.
1009 3418 1135 3454 nam
1174 3420 1295 3455 cum
1334 3404 1662 3473 impotenter
1687 3423 1743 3458 se
1768 3404 2008 3473 gerendo
2046 3401 2371 3471 Tarquinius
2406 3399 2684 3470 Superbus

555 3494 742 3531 omnes
765 3478 822 3530 in
849 3478 1034 3530 odium
1063 3495 1223 3530 suum
1265 3479 1609 3546 adduxisset,
1662 3481 1731 3533 ad
1770 3481 2021 3534 ultimum
2060 3485 2280 3548 propter
2319 3482 2687 3546 expugnatam

554 3562 822 3607 nocturna
845 3554 903 3607 ui
927 3572 960 3607 a
985 3554 1152 3608 Sexto
1178 3555 1290 3608 filio
1317 3556 1433 3609 eius
1458 3558 1743 3611 Lucretiae
1768 3557 2085 3627 pudicitiam
2105 3595 2119 3618 ,
2150 3572 2287 3625 quae
2311 3560 2509 3607 uocato
2534 3560 2687 3622 patre

553 3632 623 3684 ad
648 3648 706 3684 se
729 3629 1050 3701 Tricipitino
1074 3637 1130 3683 et
1153 3630 1272 3683 uiro
1299 3631 1571 3686 Collatino
1595 3634 1865 3687 obtestata
1901 3653 1971 3688 ne
2007 3636 2185 3689 inulta
2222 3653 2367 3688 mor·
2406 3634 2521 3687 01110
2546 3639 2689 3687 esset

553 3710 727 3763 cultro
753 3726 810 3762 00
835 3708 1136 3772 interemit,
1163 3709 1324 3763 Bruti
1349 3726 1512 3779 opera
1537 3710 1769 3763 maxime
1795 3710 2057 3779 expulsus
2090 3718 2201 3774 est,
2244 3726 2367 3762 cum
2404 3713 2687 3778 regnasset

552 3804 723 3839 annos
749 3785 949 3857 uiginti
975 3787 1234 3858 quinque.
1295 3795 1427 3841 tunc
1465 3788 1716 3841 consules
1750 3789 1985 3859 primum
2024 3788 2188 3841 creati
2227 3794 2356 3841 sunt-
2394 3788 2460 3840 L.
2488 3787 2687 3840 Iunius

552 3868 758 3921 Brutus
783 3875 840 3921 et
861 3868 926 3921 L.
957 3868 1002 3921 T
1003 3866 1282 3937 atquinius
1307 3865 1631 3920 Collatinus.

557 3966 618 4015 10
643 3978 870 4033 regnare
895 3962 1102 4015 Romae
1127 3980 1159 4014 r
1184 3964 1200 4034 ΙΙ
1228 3980 1480 4033 passuros
1507 3984 1543 4025 ς
1568 3963 1585 4034 ΙΙ
1618 3966 1680 4015 14
1705 3963 2068 4017 aduliscentes
2100 3974 2150 4015 N
2172 3964 2189 4032 11
2222 3966 2282 4014 15
2320 3950 2521 4015 sororis
2545 3962 2691 4016 filios

553 4043 803 4111 Siyonius
831 4044 847 4113 ΙΙ
880 4047 942 4095 16
991 4042 1275 4097 Vindicius
1323 4058 1355 4094 r
1378 4042 1397 4110 Η
1431 4046 1490 4095 17
1541 4049 1624 4096 est
1662 4044 1897 4113 apellata
1929 4060 1961 4095 r
1986 4042 2003 4111 ἰΙ
2036 4046 2099 4094 19
2136 4042 2304 4095 aciem
2343 4058 2375 4093 r
2400 4042 2418 4112 ΙΙ
2446 4046 2511 4095 20
2559 4060 2684 4094 011111

547 4135 712 4247 ἔξω
735 4131 787 4171 Ν
807 4120 826 4188 ss
845 4122 914 4265 fl21
943 4136 1146 4173 annum
1183 4137 1215 4171 r
1239 4120 1256 4188 ΙΙ
1284 4119 1346 4173 Ρ.
1392 4119 1677 4189 Siyonz‘zoe:
1718 4120 1783 4173 L.
1811 4130 1925 4182 Νςν
1950 4119 1969 4189 ΙΙ
1997 4122 2061 4171 23
2088 4119 2354 4189 tarquinis
2383 4131 2435 4170 Ν
2455 4118 2473 4188 ss
2502 4121 2567 4170 25
2594 4135 2683 4170 su-

628 4212 749 4247 cum
775 4207 824 4247 Ν
