3052 4823
1121 346 1592 390 PaomGIORVM
1628 346 1847 388 LIBER.
2434 325 2459 382 1
2482 322 2553 382 19

431 496 634 559 oculis
668 495 930 558 auribus
963 505 1028 556 et
1058 495 1302 578 duplici
1345 497 1616 558 obsceno
1658 503 1873 556 natus.
1939 492 2229 556 Puteolis
2271 491 2340 553 in
2373 490 2555 573 aquis

431 597 652 660 calidis
683 597 810 660 riui
838 606 1186 658 manarunt
1233 595 1571 678 sanguine.
1622 595 1893 658 fulmine
1938 595 2239 678 pleraque
2282 579 2549 656 deiecta‘.

434 721 593 781 puer
624 697 990 782 aruspicum
1020 699 1202 761 iussu
1233 709 1550 760 crematus
1568 747 1587 774 ‚
1634 696 1921 778 cinisque
1964 695 2099 758 eius
2144 695 2215 756 in
2245 716 2418 756 mare
2449 695 2555 756 de-

432 800 658 862 iectus,
709 802 752 862 a'
777 799 1082 864 Vaccaeis
1116 798 1433 862 exercitus
1464 801 1799 862 Romanus
1832 819 2077 861 caesus.

369 971 399 1019 5
435 957 659 1022 Seruio
692 958 919 1027 Flacco
962 959 1044 1025 Q.
1096 958 1448 1041 Calpurnio
1492 981 1655 1021 0033.
1720 962 1905 1020 Πιοιὴ
1948 957 2170 1018 Aetna·
2204 953 2553 1017 maioribus
2615 953 2693 1008 2ss

433 1059 620 1122 solito
653 1058 807 1122 arsit
836 1059 1119 1142 ignibus.
1170 1063 1416 1129 Romae
1447 1082 1606 1142 puer
1635 1058 1879 1147 solidus
1909 1057 2256 1140 posteriore
2286 1066 2555 1118 naturae
2593 1032 2725 1116 [85]

430 1172 610 1243 parte
639 1161 919 1244 genitus.
972 1162 1302 1225 Bononiae
1331 1162 1547 1242 fruges
1577 1159 1645 1221 in
1679 1159 2007 1223 arboribus
2030 1170 2242 1221 natae.
2279 1157 2558 1220 bubonis

434 1284 562 1324 uox
593 1263 874 1344 primum
904 1263 974 1325 in
1006 1262 1326 1345 Capitolio
1348 1311 1366 1338 ,
1424 1261 1575 1323 dein
1620 1261 1785 1324 circa
1829 1263 2055 1324 urbem
2086 1259 2327 1322 audita.
2396 1280 2558 1341 quae

433 1363 572 1428 auis
625 1365 911 1446 praemio
956 1365 1165 1446 posito
1211 1365 1289 1426 ab
1337 1385 1585 1444 aucupe
1616 1372 1806 1444 capta
1844 1364 2335 1443 combustaque3
2394 1359 2557 1422 cinis

338 1477 400 1525 10
432 1465 571 1527 eius
603 1465 683 1527 'in
729 1465 1014 1526 Tiberim
1061 1465 1408 1546 dispersus.
1456 1465 1573 1526 bos
1613 1462 1891 1526 locutus.
1954 1462 2023 1524 in
2068 1461 2429 1548 Numantia
2458 1482 2557 1523 res

432 1567 601 1628 male
631 1575 848 1648 gestae
868 1613 886 1641 ,
926 1565 1242 1628 exercitus
1272 1567 1997 1651 RomanusoppressuS.

434 1727 512 1787 P.
548 1723 852 1787 Africano
883 1725 958 1787 C.
997 1724 1232 1786 Fuluio
1265 1747 1425 1788 coss.
1474 1724 1545 1786 in
1585 1722 1921 1788 Amiterno
1966 1724 2062 1786 sol
2106 1732 2303 1786 noctu
2347 1721 2564 1798 uisus‚-
2617 1728 2691 1783 27

439 1814 701 1907 eiusque
731 1825 848 1887 lux
891 1824 1269 1908 aliquandiu
1299 1825 1438 1888 ·fuit
1483 1825 1646 1888 uisa.
1708 1827 1824 1888 bos
1866 1825 2123 1887 locutus
2166 1834 2231 1886 et
2271 1823 2555 1887 nutritus
2593 1809 2725 1894 [86]

427 1926 708 2009 publice.
760 1927 1076 2010 sanguine
1119 1928 1309 2011 pluit.
1373 1925 1712 2010 Anagniae
1758 1946 1943 1989 seruo
1986 1925 2209 1987 tunica
2253 1924 2407 1988 arsit
2427 1973 2445 2000 ,
2496 1934 2560 1986 et

334 2041 396 2090 15
427 2028 850 2092 intermortuo
892 2029 1041 2112 igne
1085 2029 1342 2091 nullum
1385 2029 1683 2091 flammae
1729 2025 2025 2109 apparuit
2052 2025 2440 2109 uestigium.
2489 2025 2560 2087 in

428 2130 750 2214 Capitolio
779 2141 966 2194 nocte
998 2130 1137 2193 auis
1167 2130 1446 2213 gemitus
1479 2129 1719 2193 similes
1750 2129 2029 2192 hominis
2054 2119 2253 2192 deditL
2301 2127 2371 2188 in
2404 2128 2559 2188 aede

429 2232 700 2295 Iunonis
733 2233 1024 2315 Reginae
1067 2243 1324 2294 scutum
1371 2230 1781 2313 Ligusticum
1819 2231 2093 2292 fulmine
2140 2239 2407 2291 tactum.
2457 2227 2556 2289 fu-

429 2333 785 2416 gitiuorum
799 2333 1044 2394 bellum
1060 2331 1130 2393 in
1157 2330 1379 2393 Sicilia
1404 2340 1724 2407 exortum,
1753 2330 2193 2394 coniuratione
2226 2335 2557 2391 seruorum

431 2436 502 2497 in
533 2436 729 2498 Italia
759 2454 1078 2516 oppressa.

331 2583 398 2632 20
427 2611 481 2639 ,a
529 2570 824 2633 Tiberius
884 2569 1218 2632 Gracchus
1276 2610 1331 2638 με
1375 2568 1626 2652 legibus
1678 2568 1957 2631 ferendis
2010 2566 2277 2629 occisus,
2347 2564 2557 2647 prodi-

433 2682 573 2734 tum
605 2682 701 2735 est
729 2669 1070 2746 memoria,
1122 2670 1454 2733 Tiberium
1498 2670 1870 2732 Gracchum
1901 2691 2027 2752 quo
2059 2668 2162 2731 die
2192 2665 2381 2749 periit
2412 2664 2554 2727 tris-

431 2772 524 2835 tia
553 2773 912 2855 neglexisse
944 2773 1195 2849 omina,
1241 2794 1392 2835 cum
1421 2771 1596 2834 domi
1627 2780 1691 2833 et
1720 2770 1789 2832 in
1822 2770 2143 2853 Capitolio
2174 2767 2559 2833 sacrificant-i

429 2874 567 2937 dira
595 2878 1160 2957 portenderentur,
1216 2877 1533 2956 domoque
1576 2872 1795 2935 exiens
1828 2871 2089 2935 sinistro
2120 2871 2433 2936 adlimen
2465 2869 2555 2931 of-

427 2976 608 3037 fenso
637 2978 797 3059 pede
829 2976 1178 3038 decusserit
1207 2976 1508 3059 pollicem
1523 2972 1543 3049 ,’
1596 2984 1659 3035 et
1704 2972 1880 3035 corui
1911 2973 2347 3054 fragmentum
2376 2980 2557 3052 tegu-

331 3086 396 3136 25
428 3076 530 3137 lae
562 3085 711 3137 ante
740 3078 934 3157 pedes
960 3075 1098 3137 eius
1121 3075 1505 3159 proiecerint
1530 3096 1611 3135 ex
1635 3074 1959 3136 stilicidio.
1996 3073 2064 3134 in
2088 3072 2236 3134 lacu
2261 3074 2558 3135 Romano

428 3236 458 3283 4
487 3250 518 3283 a
541 3231 794 3283 Vaccaeis
826 3230 1225 3299 Oudendorpius
1241 3252 1259 3280 .·
1286 3231 1354 3282 ab
1377 3231 1612 3283 Achaeis
1638 3248 1672 3281 a
1698 3230 1715 3299 ΙΙ
1741 3234 1771 3282 5
1820 3229 2041 3282 Orosius
2078 3242 2115 3281 v
2132 3268 2147 3293 ,
2190 3234 2221 3282 6
2253 3226 2333 3279 ‘in
2374 3226 2558 3280 Sicilia

426 3324 582 3360 mons
606 3308 786 3361 Aetna
810 3314 993 3376 uastos
1018 3308 1174 3375 ignes
1203 3307 1472 3359 eructauit
1495 3325 1557 3359 ac
1581 3306 1756 3369 fudit,
1788 3306 1882 3375 qui
1921 3312 2229 3358 torrentum
2260 3304 2423 3357 modo
2460 3321 2557 3373 per
2631 3358 2648 3371 ⁴

425 3403 598 3456 prona
629 3386 952 3455 praecipites
989 3385 1238 3454 proxima
1279 3403 1525 3456 quaeque
1566 3383 1981 3453 corripientibus
2021 3400 2273 3437 exussere
2306 3382 2552 3444 flammis,

325 3495 356 3517 ο
424 3458 808 3531 longinquiora
831 3466 1012 3513 autem
1036 3460 1238 3514 fauillis
1265 3461 1454 3514 calidis
1479 3478 1603 3513 cum
1629 3477 1832 3529 uapore
1857 3460 2014 3528 graui
2051 3460 2160 3513 late
2200 3458 2556 3512 uolitantibus

423 3544 761 3599 torruerunt,
793 3536 939 3605 quod
965 3534 1180 3588 Siciliae
1205 3553 1414 3606 semper
1439 3536 1793 3589 uernaculum
1818 3554 1991 3605 genus
2030 3536 2258 3587 monstri
2297 3551 2409 3586 non
2432 3550 2556 3602 por-

426 3613 648 3665 tendere
672 3612 874 3664 malum
900 3610 1110 3663 adsolet
1135 3612 1232 3663 sed
1255 3612 1472 3664 inferre.
1511 3611 1571 3663 in
1597 3610 1931 3664 Bononiensi
1956 3628 2087 3679 agro
2110 3612 2293 3679 fruges
2318 3610 2377 3662 in
2401 3610 2556 3661 arbo-
2614 3635 2620 3641 ·

425 3688 576 3739 ribus
613 3693 802 3738 enatae
838 3684 1001 3744 sunt-²
1033 3686 1104 3754 {17
1143 3687 1356 3739 Plinius
1397 3699 1584 3749 XVIII,
1632 3689 1693 3737 18
1738 3682 2011 3753 ‘frugibus
2055 3692 2329 3737 ostentum
2368 3684 2551 3747 semel,

432 3765 582 3835 quod
609 3765 828 3834 quidem
854 3764 1174 3827 inuenerim,
1205 3764 1402 3816 accidit
1424 3764 1488 3815 P.
1507 3763 1667 3815 Aelio
1685 3762 1785 3813 Cn.
1816 3760 2066 3814 Cornelio
2091 3779 2226 3813 coss.
2235 3800 2250 3825 ,
2279 3778 2387 3830 quo
2412 3778 2555 3812 anno

424 3845 709 3914 superatus
747 3849 829 3895 est
863 3842 1162 3894 Hannibal.
1201 3842 1259 3893 in
1297 3841 1581 3893 arboribus
1617 3838 1759 3891 enim
1796 3847 1914 3890 tum
1953 3845 2082 3889 nata
2116 3838 2423 3907 produntur
2447 3836 2555 3889 fru-

423 3918 641 3971 menta?
674 3920 690 3987 [Ι
723 3922 784 3969 10
811 3917 866 3969 in
901 3917 1254 3971 Numantiam
1295 3916 1597 3984 Schefferus
1638 3914 1657 3982 ss
1696 3916 1757 3964 16
1794 3920 1993 3965 noctua
2029 3913 2147 3965 auis
2185 3912 2487 3981 Schefferus
2512 3913 2531 3982 11

422 3996 673 4049 humanis
697 3994 958 4048 Heinsius
984 3996 1001 4065 [Ι
1034 3998 1095 4047 19
1120 3995 1178 4047 in
1203 3994 1387 4047 addidi
1401 4014 1419 4044 .·
1458 4011 1543 4045 om
1568 4011 1602 4044 a
1639 3993 1655 4061 ΙΙ
1698 3994 1763 4043 20
1788 3991 1852 4062 Ρ.
1883 3991 2071 4043 Mucio
2095 3993 2161 4043 L.
2189 3992 2387 4046 Pisone
2414 4010 2551 4045 coss.

423 4074 673 4128 excidisse
695 4073 901 4125 monuit
930 4071 1331 4141 Oudendorpius
1357 4071 1374 4141 [ἰ
1404 4073 1468 4122 25
1494 4069 1820 4139 proiecerint
1846 4070 2148 4137 Stephanus
2166 4091 2183 4120 .·
2210 4069 2557 4144 proiecerunt

424 4172 458 4204 a
485 4153 502 4222 ΙΙ
528 4171 656 4205 num
681 4152 888 4204 Romae
916 4152 942 4203 P
969 4150 986 4220 ss
