3052 4823
488 297 570 356 40
1381 317 1761 360 ΡΕΒΙοοΗΛΕ

485 464 776 552 omnium
804 466 1248 529 Romanorum
1277 468 1517 529 ducum
1548 466 1617 528 in
1633 464 1858 528 Asiam
1889 463 2155 528 traiecit.
2193 462 2492 546 Regillus
2509 463 2617 526 ad-

485 589 708 630 uersus
740 566 987 650 regiam
1015 568 1286 631 classem
1317 567 1626 630 Antiochi
1670 567 1942 632 feliciter
1978 565 2302 651 pugnauit
2343 567 2426 628 ad
2470 566 2613 648 My-

485 689 803 732 onnesum
859 660 1134 732 Rhodiis
1179 668 1583 732 iuuantibus·
1660 669 1835 732 filius
1898 668 2187 732 Africani
2246 677 2473 751 captus
2532 668 2612 729 ab

485 771 810 835 Antiocho
840 770 1008 854 patri
1040 771 1346 835 remissus
1377 769 1495 834 est.
1564 770 1739 834 uicto
1784 770 2017 834 deinde
2061 769 2385 833 Antiocho
2418 771 2498 832 ab
2529 770 2607 830 L.

485 873 783 937 Cornelio
815 872 1116 954 Scipione
1149 872 1501 936 adiuuante
1532 874 1823 936 Eumene
1867 894 2019 955 rege
2047 870 2371 954 Pergami,
2408 869 2619 933 Attali
2650 882 2681 930 5

483 975 655 1051 filio,
701 997 831 1058 pax
861 975 1012 1036 data
1055 985 1152 1037 est
1190 997 1266 1037 ea
1302 974 1671 1037 conditione
1703 985 1776 1038 ut
1808 973 2105 1037 omnibus
2147 971 2498 1056 prouinciis
2530 970 2617 1034 ci-

486 1087 582 1138 tra
613 1077 904 1138 Taurum
933 1085 1222 1138 montem
1251 1078 1523 1140 cederet.
1575 1079 1653 1140 L.
1684 1076 2023 1140 Cornelius
2049 1075 2289 1158 Scipio,
2324 1075 2437 1157 qui
2466 1095 2617 1136 cum

483 1175 806 1257 Antiocho
838 1178 1271 1240 debellauerat
1288 1225 1308 1254 ,
1373 1178 1757 1262 cognomine
1798 1177 1980 1241 fratri
2010 1187 2399 1259 exaequatus
2430 1176 2614 1239 Asia·

483 1278 652 1342 ticus
685 1279 1067 1362 appellatus.
1147 1280 1498 1356 EumeniS,
1547 1302 1673 1363 quo
1704 1280 1977 1343 iuuante·
2003 1279 2367 1342 Antiochus
2399 1277 2613 1341 uictus

483 1392 620 1443 erat
638 1421 658 1456 ,
694 1403 969 1464 regnum
999 1382 1402 1464 ampliatum.
1465 1381 1741 1445 Rhodiis
1774 1403 2063 1465 quoque,
2111 1381 2222 1464 qui
2267 1391 2331 1444 et
2360 1379 2485 1463 ipsi
2514 1379 2613 1441 iu-
2647 1391 2727 1441 10-

484 1494 753 1558 uerant,
802 1486 1116 1566 quaedam
1158 1484 1455 1548 ciuitates
1487 1507 1847 1548 concessae.
1929 1483 2181 1546 colonia
2211 1484 2487 1546 deducta
2516 1492 2615 1545 est

485 1585 803 1649 Bononia.
842 1585 1160 1648 Aemilius
1177 1587 1500 1670 Regillus,
1539 1586 1650 1669 qui
1679 1585 2029 1669 praefectos
2053 1585 2362 1647 Antiochi
2390 1584 2613 1647 nauali

481 1687 726 1769 proelio
756 1687 1117 1764 deuicerat,
1168 1688 1469 1750 naualem
1501 1687 1907 1770 triumphum
1936 1687 2145 1749 duxit.
2208 1686 2323 1750 Μ’.
2360 1687 2609 1750 Acilius

485 1787 755 1852 Glabrio
786 1789 865 1849 de
896 1788 1256 1864 Antioch0,
1305 1810 1494 1874 quem
1526 1788 1803 1851 Graecia
1845 1789 2216 1872 expulerat,
2265 1799 2331 1852 et
2376 1791 2455 1853 de
2486 1790 2609 1852 Ae-

483 1889 634 1952 tolis
665 1888 1116 1971 triumphauit.
1419 1965 1428 1973 .
1453 1941 1458 1945 .
2302 1933 2305 1935 ‡
2648 1903 2711 1952 15

1143 2129 1270 2191 EX
1317 2131 1408 2192 LI
1419 2131 1490 2189 Β.
1542 2130 1957 2193 XXXVIII.

485 2297 581 2359 M.
617 2294 894 2360 Fuluius
924 2318 1052 2360 cos.
1090 2297 1159 2360 in
1191 2297 1388 2380 Epiro
1411 2297 1907 2373 ‘Ambracienses
1938 2283 2225 2361 obsessos
2240 2297 2311 2359 in
2342 2297 2607 2361 deditio-

362 2458 368 2464 .
482 2420 634 2462 nem
665 2397 948 2481 accepit,
983 2399 1446 2483 Cephaleniam
1477 2400 1768 2485 subegit,
1815 2399 2063 2464 Aetolis
2092 2399 2467 2482 perdomitis
2496 2422 2609 2483 pa-

483 2522 624 2564 cem
669 2501 868 2565 dedit.
927 2503 1068 2565 Cn.
1121 2502 1581 2573 Manliuscos.
1640 2503 1886 2585 collega
1936 2490 2073 2565 eius
2126 2502 2606 2584 GallograecoS,

483 2602 971 2685 Tolostobogios
1003 2612 1067 2664 et
1099 2604 1484 2685 Tectosagos
1515 2614 1581 2666 et
1612 2605 1951 2679 Trocmos,
2003 2602 2115 2685 qui
2152 2606 2419 2665 «Brenno
2449 2604 2612 2665 duce
2642 2614 2711 2663 20

479 2703 562 2765 in*
580 2703 805 2766 Asiam
849 2702 1233 2765 transierant
1291 2726 1440 2765 cum
1483 2705 1603 2767 soli
1643 2705 1802 2767 citra
1832 2707 2122 2768 Taurum
2161 2714 2450 2769 montem
2478 2726 2611 2767 non

479 2814 776 2888 parerent
792 2851 812 2880 ,
861 2803 1042 2866 uicit.
1107 2825 1328 2867 eorum
1371 2805 1548 2888 origo
1571 2853 1591 2882 ,
1640 2816 1705 2869 et
1745 2828 1871 2888 quo
1915 2808 2106 2869 modo
2149 2828 2223 2869 ea
2264 2806 2405 2869 loca
2447 2827 2609 2888 quae

480 2914 706 2968 tenent
750 2904 1205 2988 occupauerint
1257 2907 1548 2969 refertur.
1620 2908 1989 2991 exemplum
2034 2929 2287 2990 quoque
2347 2906 2610 2969 uirtutis

481 3017 547 3070 et
599 3005 947 3089 pudicitiae
1004 3006 1075 3068 in
1119 3006 1362 3071 femina
1403 3009 1699 3073 traditur.
1777 3031 1939 3092 quae
1982 3030 2127 3071 cum
2174 3007 2343 3091 regis
2388 3008 2609 3071 Gallo-

479 3130 854 3192 graecorum
882 3131 1044 3173 uxor
1083 3108 1313 3173 fuisset
1329 3158 1351 3187 ,
1409 3121 1597 3193 capta
1640 3111 2081 3174 centurionem
2112 3110 2224 3193 qui
2254 3110 2314 3172 ei
2344 3108 2481 3172 uim
2511 3109 2609 3171 in-
2643 3120 2710 3171 25

481 3210 718 3275 tulerat
747 3210 1002 3274 occidit.
1079 3211 1357 3275 lustrum
1387 3234 1422 3274 a
1454 3212 1823 3291 censoribus
1855 3211 2189 3275 conditum
2218 3220 2336 3274 est.
2416 3232 2609 3274 censa

485 3497 507 3546 1
536 3493 803 3546 Aemilius
826 3493 1075 3563 Regillus
1100 3512 1131 3545 r
1157 3494 1173 3563 ΙΙ
1203 3498 1232 3547 3
1257 3486 1444 3547 rhodis
1469 3507 1519 3548 N
1541 3496 1559 3566 ΙΙ
1584 3496 1973 3551 adiuuantibus
2011 3516 2043 3551 r
2068 3498 2086 3567 ΙΙ
2112 3498 2181 3550 ab
2216 3496 2473 3550 antiocho
2510 3512 2633 3565 cap·

477 3573 570 3623 tus'
597 3588 662 3631 ςν
687 3570 704 3641 ΙΙ
733 3576 762 3623 4
788 3590 821 3625 a
847 3591 912 3635 ςν
938 3575 954 3645 ΙΙ
984 3578 1013 3625 5
1039 3573 1192 3625 attali
1218 3575 1460 3643 pergami
1482 3589 1584 3640 Νς,
1614 3577 1789 3630 Attali
1813 3575 2135 3647 Pergameni
2158 3594 2190 3629 r
2216 3576 2234 3647 ΙΙ
2264 3580 2293 3629 6
2320 3583 2402 3629 est
2424 3594 2509 3628 om
2533 3593 2565 3628 r
2590 3574 2609 3645 ΙΙ

479 3660 508 3709 8
536 3665 860 3727 coaequatus
884 3676 916 3711 r
941 3659 958 3729 11
986 3662 1018 3711 9
1042 3658 1341 3729 appellatus
1367 3665 1450 3713 est
1477 3679 1543 3723 ςτ-
1568 3662 1587 3731 ss
1614 3652 1867 3716 euman³es
1903 3674 1978 3725 N,
2020 3662 2263 3714 eumenis
2290 3681 2325 3724 ς
2350 3662 2367 3731 ΙΙ
2398 3664 2461 3713 10
2487 3660 2611 3713 rho-

477 3734 560 3792 dis
582 3736 672 3805 ΝΠ
701 3738 759 3787 11
789 3736 1003 3789 colonia
1049 3766 1096 3773 —
1129 3736 1378 3789 Bononia
1403 3742 1534 3805 post
1555 3738 1855 3809 appellatus
1881 3758 1943 3808 p.
1974 3741 2098 3803 40‚9
2111 3744 2328 3807 ponunt
2356 3750 2473 3801 Νςν
2498 3738 2515 3808 ΙΙ
2548 3741 2608 3790 12

475 3814 658 3867 nauali
685 3814 975 3871 certamine
1001 3814 1206 3868 uicerat
1227 3830 1259 3865 r
1284 3812 1302 3883 n
1333 3816 1392 3866 13
1419 3833 1492 3867 m.
1520 3826 1635 3877 Νςν
1660 3815 1679 3884 ΙΙ
1711 3818 1769 3865 17
1796 3816 1862 3867 L.
1884 3815 2113 3867 Fuluius
2138 3831 2170 3867 r
2195 3814 2213 3884 ΙΙ
2238 3814 2608 3873 ambrachien·

475 3909 560 3946 ses
583 3905 634 3945 N
655 3893 672 3962 ΙΙ
697 3912 794 3965 per
807 3893 1181 3947 deditionemr
1206 3889 1224 3960 ΙΙ
1255 3894 1316 3943 18
1334 3891 1670 3944 cefallaniam
1681 3904 1766 3953 Νς
1790 3891 1809 3961 ΙΙ
1836 3895 1901 3944 20
1929 3890 2302 3960 tolosobogios
2319 3904 2370 3945 N
2390 3891 2408 3961 11
2434 3898 2609 3944 tocto-

475 3969 655 4039 sagios
678 3984 729 4026 Ν
751 3972 767 4042 ΙΙ
796 3974 855 4023 21
886 3970 1108 4024 minime
1132 3986 1164 4022 r
1187 3969 1205 4039 Ιζ
1233 3972 1298 4022 22
1323 3976 1647 4040 apparerent
1669 3980 1719 4021 N
1740 3970 1757 4039 ss
1786 3985 1893 4038 quo
1916 3968 2079 4020 modo
2100 3968 2295 4037 compsi
2305 3989 2323 4019 .-
2351 3970 2609 4038 quoniam

473 4059 574 4112 Νς,
605 4066 727 4102 cum
754 4067 849 4113 ςν,
882 4048 1096 4117 quando
1125 4066 1185 4113 ς,
1227 4065 1387 4118 quem
1411 4050 1482 4102 ad
1504 4048 1727 4101 modum
1756 4065 1790 4109 ς
1815 4048 1831 4117 ΙΙ
1860 4049 1925 4099 23
1952 4053 2465 4116 occupaueruntque
2492 4065 2559 4109 ςν
2583 4048 2601 4116 Η

473 4125 705 4178 refertur
730 4124 792 4188 ’ςε
819 4128 1127 4180 referuntur
1149 4139 1264 4189 Νςν
1289 4128 1307 4196 ΙΙ
1336 4131 1400 4179 25
1427 4127 1595 4180 fuerit
1622 4146 1672 4191 ς,
1702 4126 1879 4179 fuerat
1900 4142 1932 4177 r
1958 4124 1975 4195 ss
