3052 4823
551 363 644 424 28.
1427 383 1719 428 rnnlocn
1728 383 1811 426 AB

552 531 730 595 niam
759 551 908 594 cum
935 553 1132 614 prope
1161 530 1391 594 inermi
1423 533 1709 596 exercitu
1738 533 2043 617 profugit.
2081 535 2163 627 ad
2192 532 2260 597 id
2297 534 2543 598 bellum
2570 556 2681 618 ge-

551 635 824 696 rendum
866 631 962 696 M.
999 633 1298 698 Valerius
1342 645 1597 718 praetor
1638 633 1895 732 mis-sus.
1946 657 2045 698 res
2086 644 2413 717 praeterea
2453 635 2524 698 in
2555 635 2680 698 Hi-

555 734 782 819 spania
825 757 864 798 a
906 737 984 798 P.
1021 745 1088 798 et
1127 736 1249 800 Cn.
1305 736 1715 819 Scipionibus
1760 738 2065 800 aduersus
2110 736 2680 820 Carthaginienses

359 860 367 868 ·
477 919 484 924 .
552 847 766 920 gestas
797 836 1108 900 continet.
1141 859 1179 898 a
1208 837 1441 920 quibus
1455 838 1723 920 Syphax
1734 860 1847 900 rex
1862 836 2213 901 Numidiae
2232 836 2304 899 in
2321 838 2681 902 amicitiam

555 937 837 1002 adscitus
855 986 876 1014 ‚
911 938 1024 1020 qui
1054 960 1093 1000 a
1123 938 1488 1002 Masanissa
1519 939 1975 1052 Massyliorum
2007 961 2158 1022 rege
2202 960 2319 1022 pro
2350 939 2688 1022 Carthagi-
2722 954 2752 1002 5

552 1038 885 1103 niensibus
913 1049 1248 1123 pugnante
1276 1039 1490 1103 uictus
1519 1040 1589 1102 in
1614 1038 2007 1123 Hispaniam
2038 1043 2119 1103 ad
2132 1040 2502 1123 Scipionem
2532 1063 2683 1104 cum

554 1162 790 1223 magna
846 1163 1047 1204 manu
1099 1141 1358 1205 transiit
1413 1153 1639 1206 contra
1689 1144 1942 1219 GadeS‚
2007 1143 2122 1205 ubi
2190 1153 2465 1226 angusto
2521 1143 2685 1205 freto

555 1241 774 1304 Africa
805 1253 869 1305 et
899 1242 1226 1327 Hispania
1253 1235 1669 1308 dirimuntur.
1721 1243 2031 1309 Celtiberi
2073 1266 2327 1327 quoque
2363 1244 2433 1305 in
2466 1242 2682 1306 amici-

557 1341 715 1406 tiam
756 1343 993 1426 recepti
1039 1355 1215 1408 sunt.
1281 1367 1554 1427 quorum
1594 1345 1853 1410 auxiliis
1898 1347 2160 1410 adscitis
2203 1357 2361 1410 tunc
2401 1344 2686 1428 primum

555 1445 1068 1509 mercennarium
1097 1446 1372 1510 militem
1403 1450 1702 1512 Romana
1732 1458 1941 1512 castra
1969 1449 2141 1512 habu
2150 1457 2359 1510 erunt.
2720 1458 2786 1508 10

1309 1684 1435 1746 EX
1480 1685 1657 1746 LIB.
1707 1684 1933 1747 XXV.

561 1853 638 1916 P.
677 1850 1014 1916 Cornelius
1047 1850 1265 1934 Scipio
1284 1900 1304 1928 ,
1351 1861 1577 1936 postea
1618 1853 1961 1916 Africanus
1978 1902 1997 1929 ‚
2048 1864 2197 1916 ante
2229 1875 2431 1917 annos
2464 1852 2687 1916 aedilis

559 1943 789 2016 factus.
837 1953 1177 2017 Hannibal
1206 1956 1431 2017 urbem
1462 1956 1787 2017 Tarenton
1815 1965 2067 2039 praeter
2094 1977 2306 2017 arcem
2323 2003 2343 2031 ‚
2394 1955 2462 2016 in
2494 1976 2689 2037 quam

561 2055 954 2140 praesidium
982 2057 1424 2120 Romanorum
1467 2056 1722 2139 fugerat
1741 2103 1760 2130 ,
1802 2077 1917 2138 per
1958 2057 2345 2119 Tarentinos
2388 2056 2713 2131 iuueneS,'

563 2157 676 2240 qui
706 2178 774 2220 se
801 2168 1001 2221 n'octu
1029 2167 1343 2220 uenatum
1372 2157 1462 2221 ire
1493 2157 1962 2221 simulauerant
1975 2207 1995 2234 ,
2033 2157 2225 2241 cepit.
2274 2157 2415 2221 ludi
2443 2157 2690 2240 Apolli-
2726 2169 2789 2218 15

450 2269 456 2274 ’
564 2281 751 2323 nares
784 2282 864 2323 ex
897 2259 1102 2322 Marci
1133 2259 1526 2322 carminibus
1549 2308 1569 2335 ,
1615 2259 1848 2342 quibus
1878 2259 2237 2323 Cannensis
2268 2259 2479 2323 clades
2509 2281 2687 2342 prae-

564 2361 736 2425 dicta
781 2362 1026 2440 fuerat,
1075 2360 1361 2427 instituti
1403 2372 1579 2426 sunt.
1646 2383 1683 2424 a
1726 2364 1809 2430 Q.
1855 2361 2091 2426 Fuluio
2132 2369 2197 2423 et
2239 2361 2366 2444 Ap.
2415 2361 2690 2426 Claudio

565 2487 694 2529 c08.
732 2466 1049 2529 aduersus·
1071 2468 1468 2529 Hannonem
1498 2468 1864 2529 Poenorum
1906 2466 2138 2527 ducem
2179 2484 2477 2547 prospere
2520 2484 2683 2547 pug-

564 2576 793 2630 natum
825 2577 944 2629 est.
1009 2568 1154 2631 Tib.
1194 2567 1611 2652 Sempronius
1643 2566 1976 2630 Gracchus
2016 2586 2261 2650 procos.
2310 2566 2391 2628 ab
2436 2566 2690 2648 hospite

565 2688 682 2730 suo
714 2669 980 2730 Lucano
1008 2669 1079 2731 in
1107 2670 1376 2733 insidias
1407 2671 1721 2732 deductus
1753 2690 1791 2729 a
1830 2669 2113 2750 Magone
2153 2666 2527 2731 interfectus
2570 2677 2690 2731 est.
2727 2679 2795 2730 20

567 2768 924 2832 Centenius
955 2770 1247 2833 Paenula
1266 2818 1286 2846 ,
1322 2770 1433 2853 qui
1462 2768 1754 2833 centurio
1784 2768 2176 2831 militauerat
2192 2816 2213 2844 ,
2250 2789 2396 2831 cum
2425 2769 2693 2852 petisset

567 2891 606 2931 a
647 2878 873 2931 senatu
916 2879 991 2931 ut
1036 2869 1160 2933 sibi
1205 2871 1523 2935 exercitus
1570 2872 1833 2933 daretur
1874 2868 2327 2953 pollicitusque
2368 2882 2569 2947 esset,
2638 2871 2693 2934 si

565 2970 994 3053 impetrasset,
1029 2973 1108 3034 de
1138 2974 1513 3037 Hannibale
1544 2972 1907 3048 uictoriam,
1943 2993 2073 3037 v111
2106 2973 2381 3055 acceptis
2410 2972 2696 3036 militum

567 3075 704 3136 dux
732 3073 940 3137 factus
984 3074 1275 3138 conflixit
1319 3076 1454 3139 acie
1497 3098 1648 3139 cum
1689 3075 2065 3138 Hannibale
2110 3085 2173 3137 et
2218 3097 2367 3137 cum
2410 3074 2697 3137 exercitu

568 3198 790 3240 caesus
815 3187 934 3240 est.
1001 3178 1228 3263 Capua
1256 3179 1514 3243 obsessa
1554 3190 1652 3244 est
1682 3202 1720 3243 a
1751 3181 1833 3247 Q.
1872 3177 2108 3242 Fuluio
2150 3188 2216 3241 et
2259 3178 2385 3261 Ap.
2426 3176 2698 3240 Claudio
2729 3187 2798 3239 25

575 3446 596 3494 1
626 3442 867 3512 perfugit
889 3462 921 3497 r
947 3445 963 3513 ss
991 3447 1021 3496 2
1048 3444 1131 3497 Μ.
1161 3464 1245 3497 om
1273 3463 1338 3508 ςν
1364 3448 1380 3515 ΙΙ
1406 3446 1601 3497 missus
1628 3450 1711 3496 est
1737 3460 1803 3505 ςν
1828 3444 1845 3508 ΙΙ
1873 3446 1904 3494 4
1930 3460 1963 3494 a
1986 3442 2183 3512 quibus
2223 3461 2307 3494 om
2332 3460 2363 3494 r
2389 3444 2406 3513 ΙΙ
2434 3444 2586 3514 syfax
2610 3454 2661 3495 N
2682 3443 2700 3511 'n

568 3521 928 3577 Numidarum
953 3542 985 3577 r
1009 3526 1026 3595 ΙΙ
1056 3529 1086 3577 5
1112 3524 1348 3579 adscitus
1375 3532 1563 3577 contra
1599 3522 1955 3575 Masanissam
1989 3538 2173 3589 regem
2198 3520 2581 3581 Massilionum
2604 3538 2705 3591 pro

572 3599 1109 3671 Carthaginiensibus
1141 3620 1392 3671 pugnans
1430 3620 1462 3653 r
1496 3601 1514 3671 ΙΙ
1553 3599 1944 3653 Maesuliorum
1982 3598 2179 3651 codices
2216 3596 2375 3648 Liuii
2407 3600 2473 3648 48
2514 3598 2531 3667 ΙΙ
2574 3602 2606 3649 6
2644 3598 2705 3651 in

571 3672 883 3727 Maurusios
909 3691 1030 3727 cum
1064 3675 1367 3727 Gronouius
1384 3674 1589 3728 eLiuio
1614 3677 1678 3727 49
1706 3674 1724 3745 fl
1752 3678 1781 3726 7
1808 3672 2043 3727 maxima
2067 3690 2099 3723 r
2124 3672 2141 3741 ss
2170 3675 2200 3725 8
2228 3674 2486 3727 Celtiberi
2510 3704 2579 3715 -
2604 3676 2703 3729 ha-

572 3750 810 3804 buerunt
822 3770 868 3821 p
886 3754 1007 3815 28‚2
1022 3757 1152 3820 post
1187 3752 1380 3805 missus
1406 3753 1603 3806 habent
1623 3766 1762 3819 Νςν,
1797 3754 2127 3821 transposuit
2145 3752 2320 3804 Aldus
2346 3750 2365 3821 ΙΙ
2390 3754 2421 3803 9
2448 3751 2703 3823 auspiciis

570 3829 696 3899 ΝςΙΙ
729 3833 788 3882 12
815 3847 942 3883 num
989 3828 1081 3898 qui
1117 3830 1345 3898 postea?
1383 3829 1401 3899 ss
1435 3830 1710 3901 legitimos
1744 3847 1914 3885 annos
1948 3848 1980 3883 r
2016 3831 2033 3900 ΙΙ
2077 3834 2143 3883 13
2182 3836 2451 3884 tarentum
2493 3846 2557 3892 ςν
2594 3829 2611 3898 11
2648 3827 2704 3881 in

574 3922 732 3975 quam
775 3917 822 3944 -'-
852 3906 1065 3977 fugerat
1087 3925 1172 3959 om
1197 3925 1228 3959 r
1253 3908 1270 3977 ΙΙ
1305 3911 1364 3960 14
1390 3910 1721 3977 praesidium
1744 3910 2118 3963 Romanorum
2146 3908 2361 3979 fugerat
2388 3912 2517 3977 post
2538 3906 2701 3959 simu-

572 3981 819 4036 lauerant
841 3995 952 4048 Νς,
1001 3985 1325 4055 transposuit
1359 3984 1611 4054 siqonius
1650 3984 1667 4054 11
1710 3988 1771 4036 15
1807 3984 1947 4054 petit
1981 3997 2065 4049 Νς
2090 3985 2107 4055 11
2139 3987 2203 4037 16
2238 3984 2445 4038 martiis
2487 4000 2552 4045 ς’·
2591 3980 2608 4050 ΙΙ
2641 3984 2701 4031 17

575 4076 715 4130 aque
739 4060 911 4113 fuluio
936 4073 986 4113 N
1005 4061 1023 4131 ΙΙ
1057 4064 1116 4113 18
1142 4076 1411 4114 annonem
1435 4070 1485 4111 N
1506 4059 1524 4130 ΙΙ
1557 4062 1617 4112 19
1660 4060 1720 4112 Τ.
1751 4077 1782 4110 ν
1806 4058 1824 4129 ll
1852 4062 1917 4112 20
1957 4059 2153 4114 ductus
2192 4077 2258 4122 ςν
2294 4058 2313 4129 ΙΙ
2350 4059 2704 4127 interemptus

574 4136 878 4281 31124uqui
915 4155 1037 4191 cum
1075 4138 1315 4191 exercitu
1353 4153 1478 4229 eum
1521 4136 1718 4190 cecidit
1753 4154 1785 4189 r
1820 4135 1838 4205 ΙΙ
1876 4139 1943 4190 25
1979 4154 2117 4207 aque
2156 4136 2330 4191 fuluio
2367 4142 2421 4188 et
2458 4135 2527 4188 ab
2564 4133 2708 4185 clau·

617 4229 669 4264 ιο
693 4224 743 4263 Ν
