3052 4823
1044 380 1053 388 .
1126 313 1598 380 Ριιοιιιιιιοιινιι
1630 321 1854 394 Lmen.
1912 347 1918 352 -
2113 339 2118 344 ·
2310 352 2314 356 1
2388 357 2392 361 .
2438 303 2553 370 131

431 471 706 536 uranum
734 467 906 556 quod
933 473 1188 554 ceperat
1233 471 1647 554 triumphans·
1683 472 1984 538 inuectus
2032 493 2221 550 omen
2253 472 2559 539 uictoriae

383 643 390 650 ,
431 574 728 644 hostibus
758 564 1085 664 ostendit,·,
1100 571 1253 666 quia
1281 573 1649 657 triumphus
1679 573 1750 640 in
1782 575 2005 656 urbem
2036 573 2390 655 uictricem,
2425 597 2559 644 non

429 676 673 740 uictam
703 672 925 742 induci
955 676 1138 742 solet.
1172 675 1490 758 proximo
1519 676 1762 792 proelio
1804 663 2041 743 emisso
2080 675 2367 747 exercitu
2397 677 2559 744 occi·
2588 667 2609 698 ²

325 821 332 828 -
431 801 565 842 sus.
639 777 1009 844 Mithridati
1073 779 1380 844 aduersus
1407 779 1625 846 socios
1684 769 1927 844 bellum
1969 777 2226 862 paranti
2268 777 2560 877 prodigia

367 893 398 944 5
433 891 890 964 apparuerunt.
945 881 1374 964 StratopedO,
1409 881 1545 947 ·ubi.
1578 891 1839 948 senatus
1882 879 2104 946 haberi
2134 881 2334 956 solet,
2382 879 2560 944 corui

430 983 760 1048 uultui-em
804 985 1136 1049 tundendo
1177 984 1421 1049 rostris
1446 983 1843 1049 occiderunt.
1903 982 1975 1046 in
2030 973 2308 1048 eundem
2344 982 2566 1049 locum

437 1085 665 1150 sidus
645 1094 874 1168 ingens
913 1087 1090 1150 caelo
1132 1086 1504 1152 demissum.
1570 1085 1765 1150 Isidis
1788 1059 2068 1172 speeies
2102 1084 2245 1159 uisa
2287 1083 2559 1165 fulmine

397 1199 664 1272 ..petere
757 1188 982 1253 lucum
1039 1189 1381 1254 Furiarum
1437 1211 1587 1254 cum
1648 1181 2061 1255 Mithridates
2120 1189 2553 1264 succenderet,

319 1329 326 1336 -
427 1289 594 1356 risus
627 1290 970 1356 exauditus
1001 1290 1232 1374 ingens
1259 1291 1416 1356 -sine
1469 1301 1714 1355 autore.
1781 1311 1925 1354 cum
1970 1290 2339 1374 aruspicum
2365 1290 2559 1375 iussu

309 1405 396 1462 ,10
428 1392 761 1475 uirginem·
789 1387 1002 1456 Furiis
1047 1392 1410 1458 immolaret
1432 1441 1450 1468 ‚
1516 1403 1585 1456 e*
1611 1393 1835 1475 iugulo
1876 1389 2131 1475 pue-'Hae
2171 1391 2337 1478 risus
2378 1402 2557 1458 ortus
2659 1385 2665 1392 ’

411 1479 722 1560 turb'auit
767 1493 1148 1561 sacrificum.
1224 1494 1444 1564 classis
1491 1494 1893 1558 Mithridatis
1936 1501 1977 1571 †
2016 1494 2109 1562 in.
2144 1493 2477 1567 Thessalia
2520 1515 2561 1556 a

407 1621 410 1625 ·
433 1591 748 1661 Romanis
777 1595 850 1660 in
877 1595 1120 1678 proelio
1152 1595 1408 1662 amissa.

431 1808 485 1834 ιι
533 1766 747 1830 Cinna
766 1777 839 1828 et
862 1748 1078 1829 'Mario
1107 1758 1220 1850 per
1247 1766 1419 1830 bella
1461 1766 1681 1831 ciuilia
1732 1765 2072 1842 crudeliter
2122 1764 2558 1829 saeuientibus
2624 1784 2630 1791 ’

431 1868 784 1934 Romae-iu⁴
810 1867 1034 1934 castris
1065 1869 1239 1934 Gr-nei
1271 1869 1541 1952 Pompei
1571 1871 1821 1934 caelum
1850 1891 2033 1934 ruere
2085 1868 2332 1945 uisum,
2382 1889 2559 1940 arma

255 2021 262 2025 .
335 1982 397 2034 15
425 1971 740 2054 signaque
773 1982 1000 2047 tacta,·
1029 1965 1264 2038 milites
1281 1971 1679 2036 -exanimati.
1718 1961 2259 2054 ipsessPompeius
2305 1971 2559 2034 afflatus

429 2073 632 2147 sidere
662 2073 929 2138 interiit.
976 2075 1221 2138 lectum
1261 2074 1398 2140 eius
1440 2075 1719 2157 populus
1763 2060 2066 2158 diripuit,
2116 2069 2346 2156 corpus
2390 2093 2575 2136 unco

405 2176 662 2252 traxit,
697 2178 870 2258 quod
901 2175 1269 2242 discrimine
1299 2176 1483 2248 ciuili
1524 2188 1999 2290 perseuerasset
2023 2174 2419 2258 periclitanti
2446 2196 2556 2257 pa·
2568 2238 2575 2244 ,
2638 2251 2647 2258 ,

407 2277 586 2340 triae
615 2299 748 2341 ιιοιι
779 2299 1176 2353 succurrere,
1229 2299 1376 2342 eum
1420 2273 1484 2340 et
1525 2277 1870 2394 imperium
1913 2290 1977 2340 et
2021 2277 2335 2340 maximos
2364 2277 2556 2340 habe·
2652 2319 2661 2326 -

429 2387 527 2441 ret
554 2375 897 2439 exercitus,
963 2389 968 2394 '

333 2562 407 2623 20
429 2602 482 2630 u
529 2561 866 2625 Peiraeum
910 2563 1089 2646 Sylla
1139 2584 1287 2627 cum
1327 2546 1770 2651 oppugnaret,
1823 2587 1991 2627 unus
2030 2563 2215 2628 miles
2263 2564 2400 2629 eius
2447 2586 2555 2648 ag-

429 2686 660 2748 gerem
675 2660 888 2731 ferens
915 2661 1319 2731 exanimatus
1350 2667 1648 2730 fulmine.
1686 2663 1979 2785 aruspex
1991 2666 2319 2757 respondit
2340 2674 2381 2744 †
2413 2666 2554 2729 diu·
2629 2659 2638 2667 ’

325 2784 331 2790 ’
407 2778 628 2831 turno
659 2768 913 2845 labore,
959 2770 1129 2853 quod
1167 2780 1363 2852 caput
1393 2760 1703 2834 iacentis
1700 2771 1788 2833 in
1833 2770 2137 2853 oppidum
2172 2791 2431 2833 uersum
2459 2790 2555 2831 es·
2573 2833 2585 2849 ,

426 2880 556 2949 set,
591 2871 932 2933 introitum
961 2882 1024 2933 et
1056 2870 1392 2933 uictoriam
1421 2872 1737 2936 Romanis
1768 2873 2149 2955 significare.
2168 2882 2335 2969 post
2358 2860 2555 2948 breue

425 2982 682 3055 tempus
713 2972 1008 3039 Athenae
1039 2982 1103 3034 et
1134 2972 1472 3063 Peiraeum
1502 2996 1541 3037 a
1572 2975 1753 3057 Sylla
1782 2984 1995 3056 capta..
2040 2974 2169 3041 Ilio
2200 2996 2237 3036 a
2267 2964 2345 3037 O.
2379 2973 2553 3037 Fim-

331 3084 396 3135 25
426 3072 601 3152 bria
583 3094 847 3134 incenso
880 3094 1027 3133 cum
1051 3062 1246 3136 aedes
1277 3096 1532 3157 quoque
1548 3076 1889 3169 Mineruae
1913 3076 2348 3159 deflagrasset,
2385 3074 2555 3138 inter

413 3169 645 3238 ruinas
679 3173 1093 3241 simulacrum
1125 3174 1649 3259 antiquissimum
1689 3175 2083 3243 inuiolatum
2124 3175 2303 3241 stetit
2348 3197 2556 3263 spem-

358 3337 365 3344 ,
433 3296 572 3395 que
585 3272 1008 3339 restitutionis
1040 3276 1274 3394 oppido
1304 3277 1654 3390 portendit.
1722 3294 1725 3297 ’

429 3552 458 3600 5
483 3556 752 3627 strategeo
785 3552 1024 3619 Cuperus
1051 3553 1068 3621 Ιί
1097 3556 1126 3604 8
1153 3554 1466 3608 succederet
1478 3553 2109 3623 ‘Heinsiuffissuccideret
2132 3539 2485 3607 Burmann-us
2511 3554 2527 3622 fl

432 3630 489 3677 11
519 3644 664 3679 num-
673 3629 894 3681 incensa
919 3630 1024 3683 alia
1051 3631 1078 3683 Ρ
1103 3631 1120 3699 ss
1154 3636 1213 3683 12
1255 3633 1488 3686 Rhodiis
1521 3633 1925 3701 Oudendorpius
1950 3634 1969 3700 11
1995 3633 2113 3687 sine
2148 3632 2355 3702 proelio
2380 3633 2553 3685 Hein-

423 3703 537 3757 sius
561 3705 578 3772 ΙΙ
603 3723 732 3757 num
772 3706 1015 3759 demersa
1040 3707 1066 3759 P
1091 3709 1109 3775 ss
1141 3712 1202 3761 13
1229 3709 1330 3762 Cn.
1360 3711 1591 3763 Octauio
1617 3711 1683 3761 L.
1713 3710 1887 3762 Cinna
1910 3728 2050 3762 coss.
2079 3710 2327 3763 excidisse
2350 3711 2557 3764 monuit

315 3832 328 3843 ,
383 3831 390 3839 ,
429 3782 828 3851 Oudendorpius
855 3784 872 3851 ΙΙ
904 3787 964 3836 15
997 3785 1218 3837 Orosius
1241 3798 1293 3850 v,
1317 3790 1376 3838 19
1397 3784 1708 3857 ‘Pompeius
1732 3786 1959 3839 fulmine
1984 3786 2215 3841 adflatus
2239 3784 2479 3840 interiit.’
2510 3788 2529 3857 ss

425 3864 490 3912 20
516 3862 580 3915 L.
611 3861 786 3914 Cinna
811 3861 870 3915 C.
901 3862 1078 3915 Mario
1105 3881 1244 3917 coss.
1247 3864 1520 3918 excidisse
1556 3863 1765 3918 monuit
1802 3865 2203 3934 Oudendorfflus
2243 3866 2259 3935 ΙΙ
2301 3869 2360 3919 21
2405 3866 2553 3919 haud

421 3938 680 3991 diuturno
731 3938 1036 4007 Schefferus
1061 3940 1078 4009 n
1106 3944 1170 3992 24
1218 3941 1591 4019 Auyustinus
1604 3944 1667 3996 de
1713 3942 1931 3996 ciuitate
1976 3944 2066 3997 dei
2109 3956 2215 4009 ΙΙΙ,
2256 3950 2282 3996 7
2328 3942 2553 3999 ‘euersis
2646 3958 2655 3961 “

423 4014 622 4083 quippe
647 4020 703 4065 et
725 4013 960 4067 incensis
987 4016 1238 4069 omnibus
1278 4035 1410 4071 eum
1438 4000 1640 4087 oppido
1674 4021 2002 4087 simulacris,
2054 4024 2232 4076 solum
2269 4023 2554 4077 Mineruae

421 4089 781 4141 simulacrum
791 4088 893 4141 sub
915 4097 1068 4143 tanta
1090 4093 1248 4149 ruina
1271 4094 1460 4177 templi
1485 4094 1661 4160 illius,
1710 4106 1773 4169 ut
1808 4098 1997 4152 scribit
2019 4100 2250 4165 Liuius,
2281 4101 2553 4171 integrum

417 4167 629 4220 stetisse
654 4164 1008 4237 perhibetur?
1039 4170 1056 4237 ss

2052 4242 2299 4325 ⁹9³³.
