3052 4823
560 341 644 402 42
1431 357 1815 402 PERIOCHAE

543 508 738 572 *nalia
752 556 772 585 ,
809 527 1066 572 sacrum
1095 506 1419 571 Graecum
1457 517 1524 570 et
1568 517 1989 581 nocturnum,
2042 503 2335 567 omnium
2380 503 2695 566 scelerum

563 609 980 673 seminarium
994 656 1014 685 ,
1061 629 1215 673 cum.
1241 610 1324 673 ad
1351 609 1637 693 ingentis
1669 609 1895 671 turbae
1924 605 2437 670 coniurationem
2467 628 2694 690 perue-

561 712 797 788 nisset,
842 709 1312 792 inuestigatum
1355 721 1421 774 et
1460 711 1814 774 multorum
1857 730 2067 794 poena
2106 709 2439 772 sublatum
2478 716 2597 770 est.
2656 730 2697 770 a

557 811 932 878 'censoribus
961 813 1041 874 L.
1070 811 1330 876 Valerio
1359 813 1593 876 Flacco
1624 821 1689 874 et
1718 812 1815 873 M.
1853 809 2085 875 Porcio
2114 812 2361 874 Catone
2377 857 2397 886 ,
2446 821 2513 872 et
2538 809 2699 872 belli

563 925 629 978 et
667 913 845 998 pacis
890 913 1137 977 artibus
1180 913 1464 976 maximo
1479 962 1500 990 ,
1566 923 1783 976 motus
1824 922 1922 976 est
1980 920 2211 976 senatu
2254 913 2332 974 L.
2383 911 2697 978 Quintius
2732 924 2763 972 5

563 1015 970 1079 Flamininus
988 1062 1008 1090 ,
1045 1015 1124 1078 T.
1161 1015 1357 1078 frater
1373 1063 1394 1091 ,
1427 1037 1504 1078 eo
1535 1016 1707 1097 quod
1726 1062 1746 1090 ‚
1794 1035 1945 1076 cum
1975 1012 2263 1076 Galliam
2291 1013 2697 1095 prouinciam

563 1117 791 1180 consul
820 1115 1169 1198 optineret,
1203 1127 1466 1200 rogatus
1497 1139 1537 1180 a
1568 1118 1788 1180 Poeno
1819 1115 2128 1199 Philippo
2174 1135 2369 1197 quem
2412 1116 2693 1190 amabat,

545 1228 772 1280 -scorto
800 1216 1041 1293 nobili,
1092 1219 1364 1282 Gallum
1393 1220 1719 1302 quendam
1761 1239 1879 1282 sua
1920 1239 2122 1280 manu
2167 1216 2487 1280 occiderat
2530 1215 2694 1291 siue,

563 1328 640 1381 ut
668 1318 931 1400 quidam
961 1319 1363 1383 tradiderunt
1376 1369 1396 1396 ,
1430 1343 1640 1384 unum
1670 1342 1752 1383 ex
1782 1318 2103 1383 damnatis
2136 1318 2342 1382 securi
2371 1337 2698 1400 percusse-

564 1429 666 1484 rat
692 1430 954 1503 rogatus
986 1441 1025 1482 a
1052 1421 1382 1500 meretrice
1416 1422 1801 1488 Placentina
1815 1469 1835 1497 ,
1882 1419 2067 1484 cuius
2099 1442 2313 1483 amore
2342 1418 2695 1501 deperibat.
2737 1429 2803 1478 10

565 1531 748 1584 extat
778 1521 980 1586 oratio
1011 1523 1107 1585 M.
1138 1524 1404 1588 Catonis
1434 1525 1505 1587 in
1536 1547 1707 1588 eum.
1745 1521 1961 1605 Scipio
1990 1520 2243 1584 Literni
2288 1520 2561 1585 decessit
2605 1530 2695 1596 et,

569 1633 900 1706 tamquam
928 1624 1241 1708 iungente
1270 1627 1533 1688 fortuna
1576 1625 1747 1688 circa
1784 1625 1959 1688 idem
2004 1634 2259 1705 tempus
2301 1625 2432 1685 duo
2470 1622 2701 1686 funera

567 1725 997 1788 maximorum
1040 1727 1326 1790 uirorum
1341 1775 1361 1803 ‚
1412 1727 1753 1790 Hannibal
1799 1749 1835 1790 a
1879 1725 2111 1791 Prusia
2140 1723 2490 1806 Bithyniae
2518 1745 2693 1806 rege,
2729 1740 2734 1744 ·

569 1826 651 1887 ad
681 1847 874 1907 quem
903 1826 1080 1889 uicto
1107 1826 1432 1889 Antiocho
1461 1829 1840 1912 confugerat
1858 1877 1878 1904 ,
1912 1849 2063 1891 cum
2091 1828 2431 1891 dederetur
2460 1826 2698 1887 Roma·

568 1925 671 1989 nis
688 1973 708 2003 ‚
755 1926 884 2009 qui·
909 1929 994 1990 ad
1037 1929 1512 2010 exposcendum
1550 1951 1703 1992 eum
1747 1932 1827 1992 T.
1867 1928 2215 1996 Quintium
2258 1925 2705 1990 Flamininum
2738 1937 2802 1986 15

567 2027 900 2103 miserant,
934 2049 1187 2091 ueneno
1218 2028 1344 2091 sibi
1371 2040 1648 2094 mortem
1668 2030 2006 2096 consciuit.
2046 2029 2515 2111 Philopoemen
2546 2047 2702 2109 quo-

569 2150 696 2212 que
713 2176 733 2205 ,
780 2130 918 2192 dux
945 2129 1384 2207 Achaeorum,
1437 2131 1542 2194 uir
1583 2133 1909 2195 maximus
1930 2180 1950 2207 ,
1998 2154 2037 2194 a
2066 2128 2409 2194 Messeniis
2453 2128 2703 2192 occisus

572 2251 862 2308 ueneno,
919 2252 1070 2294 cum
1110 2233 1190 2294 ab
1229 2232 1320 2296 eis
1361 2234 1533 2297 bello
1564 2245 1789 2318 captus
1820 2244 2008 2298 esset.
2082 2231 2369 2295 coloniae
2400 2229 2707 2292 Potentia

572 2342 638 2396 et
669 2331 1017 2396 Pisaurum
1048 2344 1114 2397 et
1142 2334 1407 2398 Mutina
1435 2348 1502 2398 et
1533 2337 1769 2399 Parma
1798 2337 2111 2399 deductae
2152 2343 2329 2398 sunt.
2378 2340 2708 2417 praeterea

570 2458 672 2500 res
701 2438 1010 2501 aduersus
1042 2438 1398 2501 Celtiberos
1427 2460 1726 2521 prospere
1754 2448 1967 2521 gestas
2010 2448 2077 2501 et
2120 2436 2311 2499 initia
2354 2453 2707 2515 causasque
2738 2441 2806 2493 20

572 2538 728 2601 belli
758 2539 1164 2604 Macedonici
1201 2541 1513 2603 continet.
1595 2539 1780 2603 cuius
1826 2539 2005 2622 origo
2047 2538 2201 2603 inde
2241 2536 2435 2601 fiuxit
2452 2586 2471 2613 ,
2534 2536 2709 2618 quod

576 2640 922 2725 Philippus
953 2664 1138 2724 aegre
1168 2634 1412 2705 ferebat
1442 2655 1716 2726 regnum
1746 2662 1941 2705 suum
1970 2663 2008 2704 a
2031 2639 2343 2704 Romanis
2373 2635 2699 2710 imminui,

575 2751 639 2804 et
681 2744 853 2824 quod
887 2751 1220 2824 cogeretur
1261 2764 1300 2806 a
1345 2742 1705 2811 Thracibus
1750 2742 2019 2825 aliisque
2063 2740 2220 2805 locis
2250 2739 2569 2823 praesidia
2595 2739 2703 2800 de-

574 2843 826 2905 ducere.
1587 2837 1595 2845 ’

1368 3078 1497 3140 EX
1542 3080 1717 3141 LIB.
1767 3078 1918 3139 XL.
2740 3086 2807 3135 25

575 3246 744 3309 Cum
767 3245 1110 3329 Philippus
1133 3247 1366 3312 liberos
1390 3272 1635 3325 eorum,
1670 3271 1827 3332 quos
1856 3248 1929 3311 in
1951 3246 2233 3310 uinculis
2255 3246 2556 3319 habebat,
2590 3266 2704 3305 no-

573 3344 962 3410 bilissimum
991 3348 1330 3413 hominum
1375 3350 1665 3433 conquiri
1709 3352 1791 3413 ad
1818 3359 2089 3413 mortem
2121 3347 2447 3421 iussisset,
2496 3346 2703 3409 Theo-

584 3631 606 3680 1
637 3632 694 3680 et
731 3627 950 3697 quidem
989 3645 1022 3679 r
1060 3628 1078 3699 11
1117 3629 1380 3683 scelerum
1417 3630 1660 3683 omnium
1700 3649 1767 3693 ςν
1792 3630 1810 3701 11
1837 3635 1867 3684 2
1905 3632 2206 3685 maximum
2248 3630 2595 3685 seminarium
2633 3630 2709 3700 ν11

577 3704 856 3776 iungentis
878 3717 928 3758 Ν
949 3706 968 3777 11
991 3706 1244 3776 peruenit
1267 3708 1365 3760 sed
1386 3720 1437 3761 N
1457 3709 1475 3779 11
1503 3712 1535 3761 3
1560 3725 1593 3759 a
1618 3708 1841 3763 consule
1864 3709 2257 3779 inuestigatum
2293 3727 2325 3762 r
2350 3710 2367 3778 11
2394 3713 2427 3761 4
2451 3726 2526 3761 m.
2565 3708 2712 3761 uale-

573 3782 658 3838 rio
695 3783 862 3838 flacco
897 3796 1013 3848 Νςν
1049 3784 1068 3854 11
1105 3785 1310 3838 ualerio
1350 3792 1542 3839 catone
1574 3796 1625 3839 N
1647 3785 1664 3855 11
1693 3792 1724 3841 6
1748 3788 1811 3841 Τ.
1852 3806 1937 3841 om
1974 3788 2101 3859 Νς11
2129 3787 2329 3857 quintii
2352 3788 2519 3841 frater
2545 3804 2611 3850 ςν
2634 3786 2655 3857 11
2682 3790 2710 3838 Ί

577 3861 890 3916 obtinuerat
916 3881 981 3926 ςτ-
1007 3864 1034 3934 11·
1050 3862 1247 3933 poenio
1269 3875 1385 3925 Νςν
1411 3864 1427 3934 11
1455 3864 1703 3934 philippo
1739 3882 1916 3934 poeno
1945 3884 1980 3928 ς
2004 3866 2022 3935 11
2050 3868 2081 3918 9
2122 3882 2294 3919 unum
2336 3865 2713 3919 damnatorum

579 3957 612 3992 r
637 3938 654 4009 11
686 3943 744 3991 11
775 3939 831 3992 in
859 3957 982 3993 eum
1007 3956 1081 3993 m.
1109 3940 1318 3993 catonis
1356 3941 1530 3994 oratio
1570 3958 1636 4004 ςν
1661 3942 1679 4010 11
1709 3945 1772 3995 12
1810 3943 2036 4013 lugente
2072 3957 2157 4007 Νς
2180 3944 2199 4015 11
2226 3944 2283 3997 id
2318 3962 2385 4007 ςν
2410 3946 2429 4015 11
2459 3948 2523 3997 15
2559 3945 2713 3997 illum

578 4037 610 4071 r
635 4021 654 4091 11
679 4020 742 4073 Τ.
770 4038 855 4071 om
878 4037 910 4071 r
933 4019 952 4089 11
983 4022 1044 4071 17
1070 4019 1427 4091 interemptus
1451 4038 1483 4072 r
1507 4020 1528 4090 11
1559 4022 1621 4073 18
1654 4021 1911 4075 Potentia
1945 4022 2198 4091 Siqonius
2220 4044 2239 4074 .·
2278 4022 2524 4093 polentia
2555 4035 2671 4085 Νςν
2694 4022 2713 4092 11

580 4101 646 4149 20
670 4097 960 4151 aduersum
984 4116 1016 4150 r
1041 4098 1058 4169 11
1087 4102 1148 4151 21
1177 4098 1306 4152 inde
1332 4099 1485 4152 uenit
1507 4117 1541 4151 r
1566 4098 1583 4167 11
1610 4102 1676 4152 22
1699 4099 1874 4153 minui
1909 4117 1941 4153 a
1974 4100 2212 4154 romanis
2255 4118 2321 4164 ςν
2358 4100 2375 4171 11
2416 4104 2484 4154 26
2522 4100 2715 4153 uincu-

579 4175 647 4227 lis
672 4175 1133 4229 nobilissimorum
1161 4176 1402 4247 (quidem
1427 4177 1536 4230 add
1553 4177 1604 4247 r)
1632 4177 1914 4232 hominum
1939 4178 2177 4234 habebat
2202 4198 2269 4242 ςν
2293 4179 2312 4249 11
