<?xml version="1.0" encoding="UTF-8"?>
<!DOCTYPE html PUBLIC "-//W3C//DTD XHTML 1.0 Transitional//EN"
    "http://www.w3.org/TR/xhtml1/DTD/xhtml1-transitional.dtd">
<html xmlns="http://www.w3.org/1999/xhtml" xml:lang="en" lang="en">
 <head>
  <title>
</title>
<meta http-equiv="Content-Type" content="text/html;charset=utf-8" />
  <meta name='ocr-system' content='tesseract 3.04.00' />
  <meta name='ocr-capabilities' content='ocr_page ocr_carea ocr_par ocr_line ocrx_word'/>
</head>
<body>
  <div class='ocr_page' id='page_1' title='image "./tliviaburbecond00jahngoog_0163.png"; bbox 0 0 3052 4823; ppageno 0'>
   <div class='ocr_carea' id='block_1_1' title="bbox 482 333 1881 396">
    <p class='ocr_par' dir='ltr' id='par_1_1' title="bbox 482 333 1881 396">
     <span class='ocr_line' id='line_1_1' title="bbox 482 333 1881 396; baseline -0.004 -1"><span class='ocrx_word' id='word_1_1' title='bbox 482 333 602 395; x_wconf 86' lang='lat'><strong>132</strong></span> <span class='ocrx_word' id='word_1_2' title='bbox 966 382 984 390; x_wconf 83' lang='lat'><strong>-</strong></span> <span class='ocrx_word' id='word_1_3' title='bbox 1224 349 1397 394; x_wconf 78' lang='lat' dir='ltr'><strong>1vL11</strong></span> <span class='ocrx_word' id='word_1_4' title='bbox 1431 347 1881 396; x_wconf 79' lang='lat' dir='ltr'><strong>OBSEQVENTIS</strong></span> 
     </span>
    </p>
   </div>
   <div class='ocr_carea' id='block_1_2' title="bbox 267 495 2715 1810">
    <p class='ocr_par' dir='ltr' id='par_1_2' title="bbox 267 495 2715 1810">
     <span class='ocr_line' id='line_1_2' title="bbox 336 495 2617 585; baseline -0.004 -19"><span class='ocrx_word' id='word_1_5' title='bbox 336 505 407 558; x_wconf 83' lang='grc'><strong>57</strong></span> <span class='ocrx_word' id='word_1_6' title='bbox 481 505 558 566; x_wconf 89' lang='lat' dir='ltr'><strong>L.</strong></span> <span class='ocrx_word' id='word_1_7' title='bbox 611 501 912 585; x_wconf 86' lang='lat' dir='ltr'>Scipione</span> <span class='ocrx_word' id='word_1_8' title='bbox 957 502 1033 564; x_wconf 88' lang='lat' dir='ltr'><strong>C.</strong></span> <span class='ocrx_word' id='word_1_9' title='bbox 1081 502 1390 564; x_wconf 88' lang='lat' dir='ltr'><strong>Norbano</strong></span> <span class='ocrx_word' id='word_1_10' title='bbox 1431 521 1596 562; x_wconf 88' lang='lat' dir='ltr'><strong>coss.</strong></span> <span class='ocrx_word' id='word_1_11' title='bbox 1653 519 1769 581; x_wconf 91' lang='lat' dir='ltr'><strong>per</strong></span> <span class='ocrx_word' id='word_1_12' title='bbox 1806 497 2075 580; x_wconf 86' lang='lat' dir='ltr'><strong>Syllana</strong></span> <span class='ocrx_word' id='word_1_13' title='bbox 2117 504 2406 578; x_wconf 89' lang='lat' dir='ltr'><strong>tempora</strong></span> <span class='ocrx_word' id='word_1_14' title='bbox 2448 495 2617 559; x_wconf 87' lang='lat' dir='ltr'><strong>inter</strong></span> 
     </span>
     <span class='ocr_line' id='line_1_3' title="bbox 267 582 2617 688; baseline -0.002 -22"><span class='ocrx_word' id='word_1_15' title='bbox 267 582 444 666; x_wconf 79' lang='lat'>[¹18]</span> <span class='ocrx_word' id='word_1_16' title='bbox 482 608 774 688; x_wconf 83' lang='lat' dir='ltr'><strong>Capuam</strong></span> <span class='ocrx_word' id='word_1_17' title='bbox 803 614 870 667; x_wconf 90' lang='lat' dir='ltr'><strong>et</strong></span> <span class='ocrx_word' id='word_1_18' title='bbox 899 604 1301 668; x_wconf 85' lang='lat' dir='ltr'><strong>Vulturnum</strong></span> <span class='ocrx_word' id='word_1_19' title='bbox 1331 602 1563 686; x_wconf 86' lang='lat' dir='ltr'><strong>ingens</strong></span> <span class='ocrx_word' id='word_1_20' title='bbox 1596 601 1928 684; x_wconf 87' lang='lat' dir='ltr'><strong>signorum</strong></span> <span class='ocrx_word' id='word_1_21' title='bbox 1950 620 2145 662; x_wconf 90' lang='lat' dir='ltr'><strong>sonus</strong></span> <span class='ocrx_word' id='word_1_22' title='bbox 2170 620 2617 681; x_wconf 87' lang='lat' dir='ltr'><strong>armorumque</strong></span> 
     </span>
     <span class='ocr_line' id='line_1_4' title="bbox 481 700 2621 780; baseline -0.003 -10"><span class='ocrx_word' id='word_1_23' title='bbox 481 729 632 770; x_wconf 88' lang='lat' dir='ltr'><strong>cum</strong></span> <span class='ocrx_word' id='word_1_24' title='bbox 660 707 982 770; x_wconf 88' lang='lat' dir='ltr'><strong>horrendo</strong></span> <span class='ocrx_word' id='word_1_25' title='bbox 1013 707 1290 769; x_wconf 90' lang='lat' dir='ltr'><strong>clamore</strong></span> <span class='ocrx_word' id='word_1_26' title='bbox 1320 705 1607 780; x_wconf 90' lang='lat' dir='ltr'><strong>auditus,</strong></span> <span class='ocrx_word' id='word_1_27' title='bbox 1640 703 1735 764; x_wconf 91' lang='lat' dir='ltr'><strong>ita</strong></span> <span class='ocrx_word' id='word_1_28' title='bbox 1760 711 1838 764; x_wconf 90' lang='lat' dir='ltr'><strong>ut</strong></span> <span class='ocrx_word' id='word_1_29' title='bbox 1868 700 2242 764; x_wconf 87' lang='lat' dir='ltr'><strong>uiderentur</strong></span> <span class='ocrx_word' id='word_1_30' title='bbox 2257 703 2423 764; x_wconf 85' lang='lat' dir='ltr'><strong>duae</strong></span> <span class='ocrx_word' id='word_1_31' title='bbox 2454 701 2621 764; x_wconf 89' lang='lat' dir='ltr'><strong>acies</strong></span> 
     </span>
     <span class='ocr_line' id='line_1_5' title="bbox 481 801 2615 892; baseline -0.003 -20"><span class='ocrx_word' id='word_1_32' title='bbox 481 831 854 873; x_wconf 87' lang='lat' dir='ltr'><strong>concurrere</strong></span> <span class='ocrx_word' id='word_1_33' title='bbox 883 831 996 892; x_wconf 92' lang='lat' dir='ltr'><strong>per</strong></span> <span class='ocrx_word' id='word_1_34' title='bbox 1026 809 1242 892; x_wconf 86' lang='lat' dir='ltr'><strong>plures</strong></span> <span class='ocrx_word' id='word_1_35' title='bbox 1273 807 1432 871; x_wconf 91' lang='lat' dir='ltr'><strong>dies.</strong></span> <span class='ocrx_word' id='word_1_36' title='bbox 1491 815 1532 885; x_wconf 95' lang='lat'><strong>†</strong></span> <span class='ocrx_word' id='word_1_37' title='bbox 1560 805 1655 869; x_wconf 87' lang='lat' dir='ltr'><strong>rei</strong></span> <span class='ocrx_word' id='word_1_38' title='bbox 1683 802 1995 867; x_wconf 85' lang='lat' dir='ltr'><strong>miraculo</strong></span> <span class='ocrx_word' id='word_1_39' title='bbox 2023 801 2294 866; x_wconf 90' lang='lat' dir='ltr'><strong>interius</strong></span> <span class='ocrx_word' id='word_1_40' title='bbox 2326 803 2615 867; x_wconf 85' lang='lat' dir='ltr'><strong>conside-</strong></span> 
     </span>
     <span class='ocr_line' id='line_1_6' title="bbox 481 905 2678 1002; baseline -0.003 -28"><span class='ocrx_word' id='word_1_41' title='bbox 481 911 776 974; x_wconf 83' lang='lat' dir='ltr'><strong>rantibus</strong></span> <span class='ocrx_word' id='word_1_42' title='bbox 805 910 1083 1002; x_wconf 76' lang='lat' dir='ltr'><strong>uestigia</strong></span> <span class='ocrx_word' id='word_1_43' title='bbox 1113 931 1424 993; x_wconf 86' lang='lat' dir='ltr'><strong>equorum</strong></span> <span class='ocrx_word' id='word_1_44' title='bbox 1451 907 1919 988; x_wconf 85' lang='lat' dir='ltr'><strong>hominumque</strong></span> <span class='ocrx_word' id='word_1_45' title='bbox 1950 915 2014 968; x_wconf 90' lang='lat' dir='ltr'><strong>et</strong></span> <span class='ocrx_word' id='word_1_46' title='bbox 2054 915 2345 968; x_wconf 78' lang='lat' dir='ltr'><strong>recenter</strong></span> <span class='ocrx_word' id='word_1_47' title='bbox 2382 905 2613 988; x_wconf 84' lang='lat' dir='ltr'><strong>protri-</strong></span> <span class='ocrx_word' id='word_1_48' title='bbox 2646 918 2678 967; x_wconf 87' lang='lat'>5</span> 
     </span>
     <span class='ocr_line' id='line_1_7' title="bbox 483 1007 2615 1095; baseline -0.002 -19"><span class='ocrx_word' id='word_1_49' title='bbox 483 1025 586 1076; x_wconf 90' lang='lat' dir='ltr'><strong>tae</strong></span> <span class='ocrx_word' id='word_1_50' title='bbox 615 1014 851 1076; x_wconf 87' lang='lat' dir='ltr'><strong>herbae</strong></span> <span class='ocrx_word' id='word_1_51' title='bbox 882 1022 945 1075; x_wconf 91' lang='lat' dir='ltr'><strong>et</strong></span> <span class='ocrx_word' id='word_1_52' title='bbox 987 1011 1276 1095; x_wconf 85' lang='lat' dir='ltr'><strong>uirgulta</strong></span> <span class='ocrx_word' id='word_1_53' title='bbox 1315 1009 1489 1073; x_wconf 86' lang='lat' dir='ltr'><strong>uisa:</strong></span> <span class='ocrx_word' id='word_1_54' title='bbox 1554 1009 1791 1073; x_wconf 91' lang='lat' dir='ltr'><strong>molem</strong></span> <span class='ocrx_word' id='word_1_55' title='bbox 1832 1008 2117 1091; x_wconf 87' lang='lat' dir='ltr'><strong>ingentis</strong></span> <span class='ocrx_word' id='word_1_56' title='bbox 2161 1007 2317 1070; x_wconf 91' lang='lat' dir='ltr'><strong>belli</strong></span> <span class='ocrx_word' id='word_1_57' title='bbox 2359 1018 2615 1091; x_wconf 87' lang='lat' dir='ltr'><strong>porten-</strong></span> 
     </span>
     <span class='ocr_line' id='line_1_8' title="bbox 481 1110 2615 1193; baseline -0.003 -14"><span class='ocrx_word' id='word_1_58' title='bbox 481 1118 654 1178; x_wconf 86' lang='lat' dir='ltr'><strong>dere.</strong></span> <span class='ocrx_word' id='word_1_59' title='bbox 718 1115 789 1177; x_wconf 91' lang='lat' dir='ltr'><strong>in</strong></span> <span class='ocrx_word' id='word_1_60' title='bbox 831 1113 1090 1177; x_wconf 85' lang='lat' dir='ltr'><strong>Etruria</strong></span> <span class='ocrx_word' id='word_1_61' title='bbox 1135 1112 1343 1177; x_wconf 82' lang='lat' dir='ltr'><strong>Clusii</strong></span> <span class='ocrx_word' id='word_1_62' title='bbox 1392 1123 1599 1174; x_wconf 88' lang='lat' dir='ltr'><strong>mater</strong></span> <span class='ocrx_word' id='word_1_63' title='bbox 1646 1110 1930 1174; x_wconf 84' lang='lat' dir='ltr'><strong>familiae</strong></span> <span class='ocrx_word' id='word_1_64' title='bbox 1978 1110 2207 1173; x_wconf 90' lang='lat' dir='ltr'><strong>uiuum</strong></span> <span class='ocrx_word' id='word_1_65' title='bbox 2253 1121 2615 1193; x_wconf 84' lang='lat' dir='ltr'><strong>serpentem</strong></span> 
     </span>
     <span class='ocr_line' id='line_1_9' title="bbox 382 1212 2617 1300; baseline -0.002 -20"><span class='ocrx_word' id='word_1_66' title='bbox 382 1217 388 1222; x_wconf 78' lang='grc'><strong>’</strong></span> <span class='ocrx_word' id='word_1_67' title='bbox 481 1218 754 1300; x_wconf 86' lang='lat' dir='ltr'><strong>peperit,</strong></span> <span class='ocrx_word' id='word_1_68' title='bbox 790 1217 903 1300; x_wconf 90' lang='lat' dir='ltr'><strong>qui</strong></span> <span class='ocrx_word' id='word_1_69' title='bbox 932 1216 1114 1280; x_wconf 88' lang='lat' dir='ltr'><strong>iussu</strong></span> <span class='ocrx_word' id='word_1_70' title='bbox 1137 1213 1507 1296; x_wconf 85' lang='lat' dir='ltr'><strong>aruspicum</strong></span> <span class='ocrx_word' id='word_1_71' title='bbox 1537 1213 1607 1275; x_wconf 91' lang='lat' dir='ltr'><strong>in</strong></span> <span class='ocrx_word' id='word_1_72' title='bbox 1634 1213 2063 1296; x_wconf 85' lang='lat' dir='ltr'><strong>profluentem</strong></span> <span class='ocrx_word' id='word_1_73' title='bbox 2085 1212 2369 1276; x_wconf 89' lang='lat' dir='ltr'><strong>deiectus</strong></span> <span class='ocrx_word' id='word_1_74' title='bbox 2391 1235 2617 1276; x_wconf 87' lang='lat' dir='ltr'><strong>auersa</strong></span> 
     </span>
     <span class='ocr_line' id='line_1_10' title="bbox 483 1303 2614 1403; baseline -0.002 -21"><span class='ocrx_word' id='word_1_75' title='bbox 483 1342 650 1403; x_wconf 86' lang='lat' dir='ltr'><strong>aqua</strong></span> <span class='ocrx_word' id='word_1_76' title='bbox 692 1325 964 1382; x_wconf 89' lang='lat' dir='ltr'><strong>natauit.</strong></span> <span class='ocrx_word' id='word_1_77' title='bbox 1013 1318 1255 1382; x_wconf 87' lang='lat' dir='ltr'><strong>Lucius</strong></span> <span class='ocrx_word' id='word_1_78' title='bbox 1301 1303 1478 1400; x_wconf 84' lang='lat' dir='ltr'><strong>Sylla</strong></span> <span class='ocrx_word' id='word_1_79' title='bbox 1507 1326 1655 1398; x_wconf 91' lang='lat' dir='ltr'><strong>post</strong></span> <span class='ocrx_word' id='word_1_80' title='bbox 1698 1316 2002 1399; x_wconf 90' lang='lat' dir='ltr'><strong>quintum</strong></span> <span class='ocrx_word' id='word_1_81' title='bbox 2033 1337 2280 1378; x_wconf 90' lang='lat' dir='ltr'><strong>annum</strong></span> <span class='ocrx_word' id='word_1_82' title='bbox 2310 1315 2517 1378; x_wconf 91' lang='lat' dir='ltr'><strong>uictor</strong></span> <span class='ocrx_word' id='word_1_83' title='bbox 2544 1306 2614 1377; x_wconf 92' lang='lat' dir='ltr'><strong>in</strong></span> 
     </span>
     <span class='ocr_line' id='line_1_11' title="bbox 484 1416 2712 1502; baseline -0.003 -18"><span class='ocrx_word' id='word_1_84' title='bbox 484 1422 745 1485; x_wconf 86' lang='lat' dir='ltr'><strong>Italiam</strong></span> <span class='ocrx_word' id='word_1_85' title='bbox 775 1441 1072 1484; x_wconf 86' lang='lat' dir='ltr'><strong>reuersus</strong></span> <span class='ocrx_word' id='word_1_86' title='bbox 1100 1441 1338 1502; x_wconf 86' lang='lat' dir='ltr'><strong>magno</strong></span> <span class='ocrx_word' id='word_1_87' title='bbox 1369 1417 1595 1481; x_wconf 88' lang='lat' dir='ltr'><strong>terrori</strong></span> <span class='ocrx_word' id='word_1_88' title='bbox 1624 1418 1749 1482; x_wconf 89' lang='lat' dir='ltr'><strong>fuit</strong></span> <span class='ocrx_word' id='word_1_89' title='bbox 1776 1416 2079 1481; x_wconf 88' lang='lat' dir='ltr'><strong>inimicis.</strong></span> <span class='ocrx_word' id='word_1_90' title='bbox 2138 1445 2173 1478; x_wconf 63' lang='lat' dir='ltr'><strong>us</strong></span> <span class='ocrx_word' id='word_1_91' title='bbox 2218 1417 2459 1480; x_wconf 88' lang='lat' dir='ltr'><strong>aeditui</strong></span> <span class='ocrx_word' id='word_1_92' title='bbox 2490 1418 2609 1480; x_wconf 88' lang='lat' dir='ltr'><strong>Ca·</strong></span> <span class='ocrx_word' id='word_1_93' title='bbox 2646 1429 2712 1478; x_wconf 85' lang='lat'><strong>10</strong></span> 
     </span>
     <span class='ocr_line' id='line_1_12' title="bbox 483 1519 2715 1606; baseline -0.001 -22"><span class='ocrx_word' id='word_1_94' title='bbox 483 1524 785 1606; x_wconf 90' lang='lat' dir='ltr'><strong>pitolium</strong></span> <span class='ocrx_word' id='word_1_95' title='bbox 829 1545 962 1585; x_wconf 87' lang='lat' dir='ltr'><strong>una</strong></span> <span class='ocrx_word' id='word_1_96' title='bbox 1007 1534 1193 1584; x_wconf 85' lang='lat' dir='ltr'><strong>nocte</strong></span> <span class='ocrx_word' id='word_1_97' title='bbox 1238 1520 1684 1603; x_wconf 88' lang='lat' dir='ltr'><strong>conflagrauit.</strong></span> <span class='ocrx_word' id='word_1_98' title='bbox 1750 1521 1965 1604; x_wconf 85' lang='lat' dir='ltr'><strong>Syllae</strong></span> <span class='ocrx_word' id='word_1_99' title='bbox 2010 1519 2389 1583; x_wconf 87' lang='lat' dir='ltr'><strong>crudelitate</strong></span> <span class='ocrx_word' id='word_1_100' title='bbox 2429 1519 2617 1582; x_wconf 87' lang='lat' dir='ltr'><strong>foeda</strong></span> <span class='ocrx_word' id='word_1_101' title='bbox 2691 1535 2715 1548; x_wconf 57' lang='lat'><em>³</em></span> 
     </span>
     <span class='ocr_line' id='line_1_13' title="bbox 481 1620 2618 1709; baseline -0.002 -21"><span class='ocrx_word' id='word_1_102' title='bbox 481 1625 858 1709; x_wconf 82' lang='lat' dir='ltr'><strong>proscriptio</strong></span> <span class='ocrx_word' id='word_1_103' title='bbox 916 1622 1282 1708; x_wconf 89' lang='lat' dir='ltr'><strong>principum</strong></span> <span class='ocrx_word' id='word_1_104' title='bbox 1328 1623 1475 1686; x_wconf 88' lang='lat' dir='ltr'><strong>fuit.</strong></span> <span class='ocrx_word' id='word_1_105' title='bbox 1555 1637 1826 1686; x_wconf 88' lang='lat' dir='ltr'><strong>centena</strong></span> <span class='ocrx_word' id='word_1_106' title='bbox 1866 1622 2047 1686; x_wconf 91' lang='lat' dir='ltr'><strong>milia</strong></span> <span class='ocrx_word' id='word_1_107' title='bbox 2086 1620 2427 1685; x_wconf 90' lang='lat' dir='ltr'><strong>hominum</strong></span> <span class='ocrx_word' id='word_1_108' title='bbox 2468 1643 2618 1685; x_wconf 89' lang='lat' dir='ltr'><strong>con-</strong></span> 
     </span>
     <span class='ocr_line' id='line_1_14' title="bbox 485 1724 1977 1810; baseline -0.003 -19"><span class='ocrx_word' id='word_1_109' title='bbox 485 1737 744 1810; x_wconf 88' lang='lat' dir='ltr'><strong>sumpta</strong></span> <span class='ocrx_word' id='word_1_110' title='bbox 775 1725 1005 1789; x_wconf 87' lang='lat' dir='ltr'><strong>Italico</strong></span> <span class='ocrx_word' id='word_1_111' title='bbox 1037 1724 1342 1808; x_wconf 91' lang='lat' dir='ltr'><strong>ciuilique</strong></span> <span class='ocrx_word' id='word_1_112' title='bbox 1370 1727 1542 1790; x_wconf 90' lang='lat' dir='ltr'><strong>bello</strong></span> <span class='ocrx_word' id='word_1_113' title='bbox 1571 1727 1772 1788; x_wconf 87' lang='lat' dir='ltr'><strong>relata</strong></span> <span class='ocrx_word' id='word_1_114' title='bbox 1803 1736 1977 1790; x_wconf 88' lang='lat' dir='ltr'><strong>sunt.</strong></span> 
     </span>
    </p>
   </div>
   <div class='ocr_carea' id='block_1_3' title="bbox 272 1893 2720 2390">
    <p class='ocr_par' dir='ltr' id='par_1_3' title="bbox 272 1893 2720 2080">
     <span class='ocr_line' id='line_1_15' title="bbox 342 1893 2619 1979; baseline -0.003 -18"><span class='ocrx_word' id='word_1_115' title='bbox 342 1894 416 1950; x_wconf 89' lang='lat'><strong>58</strong></span> <span class='ocrx_word' id='word_1_116' title='bbox 485 1899 688 1961; x_wconf 89' lang='lat' dir='ltr'><strong>Mam.</strong></span> <span class='ocrx_word' id='word_1_117' title='bbox 725 1894 1000 1960; x_wconf 87' lang='lat' dir='ltr'><strong>Aemilio</strong></span> <span class='ocrx_word' id='word_1_118' title='bbox 1044 1896 1132 1958; x_wconf 91' lang='lat' dir='ltr'><strong>D.</strong></span> <span class='ocrx_word' id='word_1_119' title='bbox 1173 1900 1375 1958; x_wconf 89' lang='lat' dir='ltr'><strong>Bruto</strong></span> <span class='ocrx_word' id='word_1_120' title='bbox 1405 1919 1569 1959; x_wconf 76' lang='lat' dir='ltr'><strong>coss·</strong></span> <span class='ocrx_word' id='word_1_121' title='bbox 1620 1897 1706 1960; x_wconf 90' lang='lat' dir='ltr'><strong>D.</strong></span> <span class='ocrx_word' id='word_1_122' title='bbox 1750 1896 2010 1960; x_wconf 88' lang='lat' dir='ltr'><strong>Laelius</strong></span> <span class='ocrx_word' id='word_1_123' title='bbox 2050 1897 2301 1979; x_wconf 86' lang='lat' dir='ltr'><strong>legatus</strong></span> <span class='ocrx_word' id='word_1_124' title='bbox 2348 1893 2619 1977; x_wconf 90' lang='lat' dir='ltr'><strong>Pompei</strong></span> 
     </span>
     <span class='ocr_line' id='line_1_16' title="bbox 272 1974 2720 2080; baseline 0 -22"><span class='ocrx_word' id='word_1_125' title='bbox 272 1975 322 2058; x_wconf 77' lang='grc'><strong>[1</strong></span> <span class='ocrx_word' id='word_1_126' title='bbox 349 1974 448 2058; x_wconf 81' lang='lat'><strong>¹9]</strong></span> <span class='ocrx_word' id='word_1_127' title='bbox 485 2037 570 2047; x_wconf 91' lang='lat'><strong>—-</strong></span> <span class='ocrx_word' id='word_1_128' title='bbox 598 1998 704 2061; x_wconf 89' lang='lat' dir='ltr'><strong>cui</strong></span> <span class='ocrx_word' id='word_1_129' title='bbox 734 1996 1098 2080; x_wconf 85' lang='lat' dir='ltr'><strong>prodigium</strong></span> <span class='ocrx_word' id='word_1_130' title='bbox 1140 2000 1388 2060; x_wconf 86' lang='lat' dir='ltr'><strong>Romae</strong></span> <span class='ocrx_word' id='word_1_131' title='bbox 1433 2009 1571 2061; x_wconf 86' lang='lat' dir='ltr'><strong>erat</strong></span> <span class='ocrx_word' id='word_1_132' title='bbox 1618 2000 1863 2062; x_wconf 89' lang='lat' dir='ltr'><strong>factum</strong></span> <span class='ocrx_word' id='word_1_133' title='bbox 1904 1999 1975 2061; x_wconf 89' lang='lat' dir='ltr'><strong>in</strong></span> <span class='ocrx_word' id='word_1_134' title='bbox 2018 1999 2185 2062; x_wconf 91' lang='lat' dir='ltr'><strong>lecto</strong></span> <span class='ocrx_word' id='word_1_135' title='bbox 2226 1997 2447 2061; x_wconf 86' lang='lat' dir='ltr'><strong>uxoris</strong></span> <span class='ocrx_word' id='word_1_136' title='bbox 2491 1998 2618 2059; x_wconf 91' lang='lat' dir='ltr'><strong>duo</strong></span> <span class='ocrx_word' id='word_1_137' title='bbox 2654 2007 2720 2059; x_wconf 83' lang='lat'><strong>15</strong></span> 
     </span>
    </p>

    <p class='ocr_par' dir='ltr' id='par_1_4' title="bbox 485 2095 2616 2185">
     <span class='ocr_line' id='line_1_17' title="bbox 485 2095 2616 2185; baseline -0.001 -21"><span class='ocrx_word' id='word_1_138' title='bbox 485 2123 728 2184; x_wconf 83' lang='lat' dir='ltr'><strong>angues</strong></span> <span class='ocrx_word' id='word_1_139' title='bbox 771 2098 1102 2180; x_wconf 88' lang='lat' dir='ltr'><strong>conspecti</strong></span> <span class='ocrx_word' id='word_1_140' title='bbox 1144 2098 1216 2159; x_wconf 91' lang='lat' dir='ltr'><strong>in</strong></span> <span class='ocrx_word' id='word_1_141' title='bbox 1260 2098 1719 2183; x_wconf 90' lang='lat' dir='ltr'><strong>diuersumque</strong></span> <span class='ocrx_word' id='word_1_142' title='bbox 1772 2101 2013 2185; x_wconf 88' lang='lat' dir='ltr'><strong>elapsi,</strong></span> <span class='ocrx_word' id='word_1_143' title='bbox 2076 2099 2365 2184; x_wconf 83' lang='lat' dir='ltr'><strong>proxime</strong></span> <span class='ocrx_word' id='word_1_144' title='bbox 2421 2095 2616 2165; x_wconf 64' lang='lat' dir='ltr'><strong>‚Pom-</strong></span> 
     </span>
    </p>

    <p class='ocr_par' dir='ltr' id='par_1_5' title="bbox 485 2200 2620 2288">
     <span class='ocr_line' id='line_1_18' title="bbox 485 2200 2620 2288; baseline -0.001 -22"><span class='ocrx_word' id='word_1_145' title='bbox 485 2203 631 2288; x_wconf 88' lang='lat' dir='ltr'><strong>peio</strong></span> <span class='ocrx_word' id='word_1_146' title='bbox 675 2203 744 2265; x_wconf 89' lang='lat' dir='ltr'><strong>in</strong></span> <span class='ocrx_word' id='word_1_147' title='bbox 788 2201 1011 2264; x_wconf 87' lang='lat' dir='ltr'><strong>castris</strong></span> <span class='ocrx_word' id='word_1_148' title='bbox 1055 2200 1308 2264; x_wconf 86' lang='lat' dir='ltr'><strong>sedenti</strong></span> <span class='ocrx_word' id='word_1_149' title='bbox 1349 2201 1648 2284; x_wconf 87' lang='lat' dir='ltr'><strong>accipiter</strong></span> <span class='ocrx_word' id='word_1_150' title='bbox 1692 2224 1881 2286; x_wconf 88' lang='lat' dir='ltr'><strong>super</strong></span> <span class='ocrx_word' id='word_1_151' title='bbox 1920 2215 2115 2286; x_wconf 88' lang='lat' dir='ltr'><strong>caput</strong></span> <span class='ocrx_word' id='word_1_152' title='bbox 2158 2211 2506 2266; x_wconf 85' lang='lat' dir='ltr'><strong>accesserat</strong></span> <span class='ocrx_word' id='word_1_153' title='bbox 2533 2239 2620 2248; x_wconf 93' lang='lat'>—</span> 
     </span>
    </p>

    <p class='ocr_par' dir='ltr' id='par_1_6' title="bbox 485 2302 2585 2390">
     <span class='ocr_line' id='line_1_19' title="bbox 485 2302 2585 2390; baseline -0.002 -21"><span class='ocrx_word' id='word_1_154' title='bbox 485 2307 555 2369; x_wconf 92' lang='lat' dir='ltr'><strong>in</strong></span> <span class='ocrx_word' id='word_1_155' title='bbox 587 2303 913 2390; x_wconf 86' lang='lat' dir='ltr'><strong>Hispania</strong></span> <span class='ocrx_word' id='word_1_156' title='bbox 942 2305 1251 2367; x_wconf 87' lang='lat' dir='ltr'><strong>aduersus</strong></span> <span class='ocrx_word' id='word_1_157' title='bbox 1285 2302 1641 2368; x_wconf 88' lang='lat' dir='ltr'><strong>Sertorium</strong></span> <span class='ocrx_word' id='word_1_158' title='bbox 1683 2304 1852 2368; x_wconf 90' lang='lat' dir='ltr'><strong>inter</strong></span> <span class='ocrx_word' id='word_1_159' title='bbox 1879 2306 2286 2388; x_wconf 78' lang='lat' dir='ltr'><strong>pabulatores</strong></span> <span class='ocrx_word' id='word_1_160' title='bbox 2318 2303 2585 2367; x_wconf 88' lang='lat' dir='ltr'><strong>occisus.</strong></span> 
     </span>
    </p>
   </div>
   <div class='ocr_carea' id='block_1_4' title="bbox 276 2464 2722 3071">
    <p class='ocr_par' dir='ltr' id='par_1_7' title="bbox 276 2464 2722 2663">
     <span class='ocr_line' id='line_1_20' title="bbox 343 2464 2619 2541; baseline -0.001 0"><span class='ocrx_word' id='word_1_161' title='bbox 343 2480 416 2535; x_wconf 85' lang='lat'><strong>59</strong></span> <span class='ocrx_word' id='word_1_162' title='bbox 491 2479 680 2541; x_wconf 90' lang='lat' dir='ltr'><strong>Gneo</strong></span> <span class='ocrx_word' id='word_1_163' title='bbox 712 2474 987 2539; x_wconf 88' lang='lat' dir='ltr'><strong>Octauio</strong></span> <span class='ocrx_word' id='word_1_164' title='bbox 1021 2477 1097 2538; x_wconf 88' lang='lat' dir='ltr'><strong>C.</strong></span> <span class='ocrx_word' id='word_1_165' title='bbox 1136 2464 1469 2539; x_wconf 83' lang='lat' dir='ltr'><strong>Scribonio</strong></span> <span class='ocrx_word' id='word_1_166' title='bbox 1503 2498 1665 2539; x_wconf 77' lang='lat' dir='ltr'><strong>coss,</strong></span> <span class='ocrx_word' id='word_1_167' title='bbox 1727 2477 1932 2540; x_wconf 87' lang='lat' dir='ltr'><strong>Reate</strong></span> <span class='ocrx_word' id='word_1_168' title='bbox 1976 2488 2180 2541; x_wconf 87' lang='lat' dir='ltr'><strong>terrae</strong></span> <span class='ocrx_word' id='word_1_169' title='bbox 2220 2485 2405 2538; x_wconf 89' lang='lat' dir='ltr'><strong>motu</strong></span> <span class='ocrx_word' id='word_1_170' title='bbox 2436 2478 2619 2539; x_wconf 88' lang='lat' dir='ltr'><strong>aedes</strong></span> 
     </span>
     <span class='ocr_line' id='line_1_21' title="bbox 276 2559 2722 2663; baseline -0 -21"><span class='ocrx_word' id='word_1_171' title='bbox 276 2559 452 2643; x_wconf 76' lang='lat'><strong>[¹2⁰]</strong></span> <span class='ocrx_word' id='word_1_172' title='bbox 489 2602 702 2644; x_wconf 88' lang='lat' dir='ltr'><strong>sacrae</strong></span> <span class='ocrx_word' id='word_1_173' title='bbox 754 2578 826 2641; x_wconf 89' lang='lat' dir='ltr'><strong>in</strong></span> <span class='ocrx_word' id='word_1_174' title='bbox 871 2576 1106 2661; x_wconf 89' lang='lat' dir='ltr'><strong>oppido</strong></span> <span class='ocrx_word' id='word_1_175' title='bbox 1150 2584 1442 2660; x_wconf 87' lang='lat' dir='ltr'><strong>agrisque</strong></span> <span class='ocrx_word' id='word_1_176' title='bbox 1485 2589 1873 2655; x_wconf 89' lang='lat' dir='ltr'><strong>commotae,</strong></span> <span class='ocrx_word' id='word_1_177' title='bbox 1933 2601 2088 2643; x_wconf 83' lang='lat' dir='ltr'><strong>saxa</strong></span> <span class='ocrx_word' id='word_1_178' title='bbox 2132 2579 2367 2663; x_wconf 91' lang='lat' dir='ltr'><strong>quibus</strong></span> <span class='ocrx_word' id='word_1_179' title='bbox 2412 2578 2622 2641; x_wconf 88' lang='lat' dir='ltr'><strong>forum</strong></span> <span class='ocrx_word' id='word_1_180' title='bbox 2653 2590 2722 2641; x_wconf 83' lang='lat'><strong>20</strong></span> 
     </span>
    </p>

    <p class='ocr_par' dir='ltr' id='par_1_8' title="bbox 487 2680 2618 2764">
     <span class='ocr_line' id='line_1_22' title="bbox 487 2680 2618 2764; baseline -0.001 -18"><span class='ocrx_word' id='word_1_181' title='bbox 487 2697 761 2746; x_wconf 87' lang='lat' dir='ltr'><strong>stratum</strong></span> <span class='ocrx_word' id='word_1_182' title='bbox 795 2684 932 2743; x_wconf 84' lang='lat' dir='ltr'><strong>erat</strong></span> <span class='ocrx_word' id='word_1_183' title='bbox 962 2680 1276 2756; x_wconf 88' lang='lat' dir='ltr'><strong>discussa,</strong></span> <span class='ocrx_word' id='word_1_184' title='bbox 1312 2691 1542 2762; x_wconf 89' lang='lat' dir='ltr'><strong>pontes</strong></span> <span class='ocrx_word' id='word_1_185' title='bbox 1574 2681 1954 2764; x_wconf 88' lang='lat' dir='ltr'><strong>interrupti,</strong></span> <span class='ocrx_word' id='word_1_186' title='bbox 1990 2687 2163 2764; x_wconf 87' lang='lat' dir='ltr'><strong>ripae</strong></span> <span class='ocrx_word' id='word_1_187' title='bbox 2192 2681 2618 2763; x_wconf 87' lang='lat' dir='ltr'><strong>praelabentis</strong></span> 
     </span>
    </p>

    <p class='ocr_par' dir='ltr' id='par_1_9' title="bbox 487 2782 2613 2865">
     <span class='ocr_line' id='line_1_23' title="bbox 487 2782 2613 2865; baseline -0.001 -17"><span class='ocrx_word' id='word_1_188' title='bbox 487 2783 776 2847; x_wconf 86' lang='lat' dir='ltr'><strong>fluminis</strong></span> <span class='ocrx_word' id='word_1_189' title='bbox 821 2782 889 2844; x_wconf 92' lang='lat' dir='ltr'><strong>in</strong></span> <span class='ocrx_word' id='word_1_190' title='bbox 937 2804 1171 2865; x_wconf 91' lang='lat' dir='ltr'><strong>aquam</strong></span> <span class='ocrx_word' id='word_1_191' title='bbox 1224 2782 1603 2863; x_wconf 86' lang='lat' dir='ltr'><strong>prouolutae</strong></span> <span class='ocrx_word' id='word_1_192' title='bbox 1621 2832 1642 2859; x_wconf 92' lang='lat'>‚</span> <span class='ocrx_word' id='word_1_193' title='bbox 1692 2783 1989 2847; x_wconf 88' lang='lat' dir='ltr'><strong>fremitus</strong></span> <span class='ocrx_word' id='word_1_194' title='bbox 2029 2783 2260 2847; x_wconf 88' lang='lat' dir='ltr'><strong>inferni</strong></span> <span class='ocrx_word' id='word_1_195' title='bbox 2306 2783 2613 2846; x_wconf 83' lang='lat' dir='ltr'><strong>exauditi.</strong></span> 
     </span>
    </p>

    <p class='ocr_par' dir='ltr' id='par_1_10' title="bbox 487 2882 2619 2969">
     <span class='ocr_line' id='line_1_24' title="bbox 487 2882 2619 2969; baseline 0 -20"><span class='ocrx_word' id='word_1_196' title='bbox 487 2897 552 2949; x_wconf 92' lang='lat' dir='ltr'><strong>et</strong></span> <span class='ocrx_word' id='word_1_197' title='bbox 581 2895 728 2969; x_wconf 88' lang='lat' dir='ltr'><strong>post</strong></span> <span class='ocrx_word' id='word_1_198' title='bbox 758 2905 996 2966; x_wconf 88' lang='lat' dir='ltr'><strong>paucos</strong></span> <span class='ocrx_word' id='word_1_199' title='bbox 1027 2882 1163 2946; x_wconf 90' lang='lat' dir='ltr'><strong>dies</strong></span> <span class='ocrx_word' id='word_1_200' title='bbox 1196 2904 1361 2965; x_wconf 88' lang='lat' dir='ltr'><strong>quae</strong></span> <span class='ocrx_word' id='word_1_201' title='bbox 1391 2906 1704 2947; x_wconf 89' lang='lat' dir='ltr'><strong>concussa</strong></span> <span class='ocrx_word' id='word_1_202' title='bbox 1732 2895 1916 2949; x_wconf 85' lang='lat' dir='ltr'><strong>erant</strong></span> <span class='ocrx_word' id='word_1_203' title='bbox 1945 2895 2355 2961; x_wconf 86' lang='lat' dir='ltr'><strong>corruerunt,</strong></span> <span class='ocrx_word' id='word_1_204' title='bbox 2390 2907 2619 2949; x_wconf 88' lang='lat' dir='ltr'><strong>saxum</strong></span> 
     </span>
    </p>

    <p class='ocr_par' dir='ltr' id='par_1_11' title="bbox 488 2985 2621 3071">
     <span class='ocr_line' id='line_1_25' title="bbox 488 2985 2621 3071; baseline 0 -22"><span class='ocrx_word' id='word_1_205' title='bbox 488 2988 722 3051; x_wconf 89' lang='lat' dir='ltr'><strong>uiuum</strong></span> <span class='ocrx_word' id='word_1_206' title='bbox 753 3008 901 3050; x_wconf 91' lang='lat' dir='ltr'><strong>cum</strong></span> <span class='ocrx_word' id='word_1_207' title='bbox 931 2985 1420 3068; x_wconf 89' lang='lat' dir='ltr'><strong>prouolueretur</strong></span> <span class='ocrx_word' id='word_1_208' title='bbox 1433 3034 1454 3063; x_wconf 93' lang='lat'><em>,</em></span> <span class='ocrx_word' id='word_1_209' title='bbox 1489 2986 1560 3049; x_wconf 90' lang='lat' dir='ltr'><strong>in</strong></span> <span class='ocrx_word' id='word_1_210' title='bbox 1589 2986 1923 3069; x_wconf 87' lang='lat' dir='ltr'><strong>praecipiti</strong></span> <span class='ocrx_word' id='word_1_211' title='bbox 1949 3010 2109 3071; x_wconf 91' lang='lat' dir='ltr'><strong>rupe</strong></span> <span class='ocrx_word' id='word_1_212' title='bbox 2139 2987 2469 3051; x_wconf 87' lang='lat' dir='ltr'><strong>immobile</strong></span> <span class='ocrx_word' id='word_1_213' title='bbox 2498 2998 2621 3051; x_wconf 90' lang='lat' dir='ltr'><strong>ste-</strong></span> 
     </span>
    </p>
   </div>
   <div class='ocr_carea' id='block_1_5' title="bbox 487 3253 2715 4259">
    <p class='ocr_par' dir='ltr' id='par_1_12' title="bbox 487 3253 2715 4259">
     <span class='ocr_line' id='line_1_26' title="bbox 493 3253 2615 3327; baseline 0 -19"><span class='ocrx_word' id='word_1_214' title='bbox 493 3260 513 3308; x_wconf 91' lang='lat'>1</span> <span class='ocrx_word' id='word_1_215' title='bbox 544 3254 880 3324; x_wconf 72' lang='lat' dir='ltr'><strong>Anqustinus</strong></span> <span class='ocrx_word' id='word_1_216' title='bbox 906 3255 968 3308; x_wconf 78' lang='lat' dir='ltr'><strong>de</strong></span> <span class='ocrx_word' id='word_1_217' title='bbox 988 3254 1205 3308; x_wconf 76' lang='lat' dir='ltr'><strong>ciuitate</strong></span> <span class='ocrx_word' id='word_1_218' title='bbox 1229 3254 1316 3307; x_wconf 74' lang='lat' dir='ltr'><strong>dei</strong></span> <span class='ocrx_word' id='word_1_219' title='bbox 1336 3268 1404 3320; x_wconf 92' lang='lat'><strong>11,</strong></span> <span class='ocrx_word' id='word_1_220' title='bbox 1426 3258 1490 3307; x_wconf 89' lang='lat'><strong>25</strong></span> <span class='ocrx_word' id='word_1_221' title='bbox 1523 3253 1604 3307; x_wconf 84' lang='lat' dir='ltr'><strong>‘in</strong></span> <span class='ocrx_word' id='word_1_222' title='bbox 1630 3257 1863 3326; x_wconf 88' lang='lat' dir='ltr'><strong>quadam</strong></span> <span class='ocrx_word' id='word_1_223' title='bbox 1890 3256 2212 3327; x_wconf 82' lang='lat' dir='ltr'><strong>Campaniae</strong></span> <span class='ocrx_word' id='word_1_224' title='bbox 2237 3257 2348 3310; x_wconf 82' lang='lat' dir='ltr'><strong>lata</strong></span> <span class='ocrx_word' id='word_1_225' title='bbox 2372 3256 2615 3327; x_wconf 87' lang='lat' dir='ltr'><strong>planitie,</strong></span> 
     </span>
     <span class='ocr_line' id='line_1_27' title="bbox 487 3332 2627 3405; baseline 0 -19"><span class='ocrx_word' id='word_1_226' title='bbox 487 3335 584 3387; x_wconf 89' lang='lat' dir='ltr'><strong>ubi</strong></span> <span class='ocrx_word' id='word_1_227' title='bbox 609 3352 720 3385; x_wconf 90' lang='lat' dir='ltr'><strong>non</strong></span> <span class='ocrx_word' id='word_1_228' title='bbox 744 3334 919 3385; x_wconf 87' lang='lat' dir='ltr'><strong>multo</strong></span> <span class='ocrx_word' id='word_1_229' title='bbox 943 3339 1069 3403; x_wconf 85' lang='lat' dir='ltr'><strong>post</strong></span> <span class='ocrx_word' id='word_1_230' title='bbox 1092 3332 1279 3385; x_wconf 86' lang='lat' dir='ltr'><strong>ciuiles</strong></span> <span class='ocrx_word' id='word_1_231' title='bbox 1305 3333 1447 3385; x_wconf 82' lang='lat' dir='ltr'><strong>acies</strong></span> <span class='ocrx_word' id='word_1_232' title='bbox 1471 3334 1679 3387; x_wconf 86' lang='lat' dir='ltr'><strong>nefario</strong></span> <span class='ocrx_word' id='word_1_233' title='bbox 1718 3335 1927 3405; x_wconf 89' lang='lat' dir='ltr'><strong>proelio</strong></span> <span class='ocrx_word' id='word_1_234' title='bbox 1966 3334 2329 3388; x_wconf 86' lang='lat' dir='ltr'><strong>conflixerunt</strong></span> <span class='ocrx_word' id='word_1_235' title='bbox 2344 3374 2358 3399; x_wconf 91' lang='lat'><strong><em>,</em></strong></span> <span class='ocrx_word' id='word_1_236' title='bbox 2403 3335 2545 3387; x_wconf 87' lang='lat' dir='ltr'><strong>inter</strong></span> <span class='ocrx_word' id='word_1_237' title='bbox 2569 3352 2627 3387; x_wconf 84' lang='lat' dir='ltr'><strong>se</strong></span> 
     </span>
     <span class='ocr_line' id='line_1_28' title="bbox 487 3408 2626 3484; baseline 0 -22"><span class='ocrx_word' id='word_1_238' title='bbox 487 3412 638 3481; x_wconf 88' lang='lat' dir='ltr'><strong>prius</strong></span> <span class='ocrx_word' id='word_1_239' title='bbox 663 3427 908 3479; x_wconf 88' lang='lat' dir='ltr'><strong>pugnare</strong></span> <span class='ocrx_word' id='word_1_240' title='bbox 936 3408 1042 3462; x_wconf 84' lang='lat' dir='ltr'><strong>uisi</strong></span> <span class='ocrx_word' id='word_1_241' title='bbox 1069 3418 1199 3462; x_wconf 85' lang='lat' dir='ltr'><strong>sunt</strong></span> <span class='ocrx_word' id='word_1_242' title='bbox 1226 3410 1480 3479; x_wconf 85' lang='lat' dir='ltr'><strong>[maligni</strong></span> <span class='ocrx_word' id='word_1_243' title='bbox 1520 3412 1789 3483; x_wconf 68' lang='lat' dir='ltr'><strong>spiritus}</strong></span> <span class='ocrx_word' id='word_1_244' title='bbox 1829 3431 2062 3483; x_wconf 86' lang='lat' dir='ltr'><strong>namque</strong></span> <span class='ocrx_word' id='word_1_245' title='bbox 2087 3412 2165 3466; x_wconf 87' lang='lat' dir='ltr'><strong>ibi</strong></span> <span class='ocrx_word' id='word_1_246' title='bbox 2189 3414 2421 3484; x_wconf 90' lang='lat' dir='ltr'><strong>primum</strong></span> <span class='ocrx_word' id='word_1_247' title='bbox 2449 3411 2626 3464; x_wconf 87' lang='lat' dir='ltr'><strong>auditi</strong></span> 
     </span>
     <span class='ocr_line' id='line_1_29' title="bbox 489 3482 2628 3560; baseline -0.001 -18"><span class='ocrx_word' id='word_1_248' title='bbox 489 3494 619 3542; x_wconf 85' lang='lat' dir='ltr'><strong>sunt</strong></span> <span class='ocrx_word' id='word_1_249' title='bbox 640 3490 892 3555; x_wconf 81' lang='lat' dir='ltr'><strong>ingentes</strong></span> <span class='ocrx_word' id='word_1_250' title='bbox 915 3488 1174 3556; x_wconf 72' lang='lat' dir='ltr'><strong>fragoreS,</strong></span> <span class='ocrx_word' id='word_1_251' title='bbox 1204 3504 1440 3556; x_wconf 86' lang='lat' dir='ltr'><strong>moxque</strong></span> <span class='ocrx_word' id='word_1_252' title='bbox 1464 3489 1626 3541; x_wconf 89' lang='lat' dir='ltr'><strong>multi</strong></span> <span class='ocrx_word' id='word_1_253' title='bbox 1653 3508 1710 3543; x_wconf 88' lang='lat' dir='ltr'><strong>se</strong></span> <span class='ocrx_word' id='word_1_254' title='bbox 1735 3482 1939 3544; x_wconf 77' lang='lat' dir='ltr'><strong>uidisse</strong></span> <span class='ocrx_word' id='word_1_255' title='bbox 1963 3491 2288 3544; x_wconf 84' lang='lat' dir='ltr'><strong>nuntiarunt</strong></span> <span class='ocrx_word' id='word_1_256' title='bbox 2308 3506 2403 3560; x_wconf 86' lang='lat' dir='ltr'><strong>per</strong></span> <span class='ocrx_word' id='word_1_257' title='bbox 2415 3489 2628 3558; x_wconf 86' lang='lat' dir='ltr'><strong>aliquot</strong></span> 
     </span>
     <span class='ocr_line' id='line_1_30' title="bbox 490 3560 2622 3639; baseline 0.001 -23"><span class='ocrx_word' id='word_1_258' title='bbox 490 3563 605 3617; x_wconf 79' lang='lat' dir='ltr'><strong>dies</strong></span> <span class='ocrx_word' id='word_1_259' title='bbox 631 3562 766 3614; x_wconf 86' lang='lat' dir='ltr'><strong>duas</strong></span> <span class='ocrx_word' id='word_1_260' title='bbox 791 3562 932 3633; x_wconf 65' lang='lat' dir='ltr'><strong>acies</strong></span> <span class='ocrx_word' id='word_1_261' title='bbox 957 3560 1228 3631; x_wconf 86' lang='lat' dir='ltr'><strong>proeliari.</strong></span> <span class='ocrx_word' id='word_1_262' title='bbox 1264 3580 1401 3631; x_wconf 90' lang='lat' dir='ltr'><strong>quae</strong></span> <span class='ocrx_word' id='word_1_263' title='bbox 1425 3578 1611 3631; x_wconf 89' lang='lat' dir='ltr'><strong>pugna</strong></span> <span class='ocrx_word' id='word_1_264' title='bbox 1626 3565 1722 3618; x_wconf 91' lang='lat' dir='ltr'><strong>ubi</strong></span> <span class='ocrx_word' id='word_1_265' title='bbox 1746 3566 1977 3633; x_wconf 81' lang='lat' dir='ltr'><strong>destitit,</strong></span> <span class='ocrx_word' id='word_1_266' title='bbox 2007 3569 2242 3639; x_wconf 83' lang='lat' dir='ltr'><strong>uestigia</strong></span> <span class='ocrx_word' id='word_1_267' title='bbox 2266 3584 2483 3637; x_wconf 89' lang='lat' dir='ltr'><strong>quoque</strong></span> <span class='ocrx_word' id='word_1_268' title='bbox 2508 3565 2622 3619; x_wconf 90' lang='lat' dir='ltr'><strong>uel-</strong></span> 
     </span>
     <span class='ocr_line' id='line_1_31' title="bbox 489 3641 2715 3717; baseline 0 -21"><span class='ocrx_word' id='word_1_269' title='bbox 489 3652 554 3697; x_wconf 87' lang='lat' dir='ltr'><strong>ut</strong></span> <span class='ocrx_word' id='word_1_270' title='bbox 575 3641 858 3695; x_wconf 89' lang='lat' dir='ltr'><strong>hominum</strong></span> <span class='ocrx_word' id='word_1_271' title='bbox 883 3647 940 3693; x_wconf 87' lang='lat' dir='ltr'><strong>et</strong></span> <span class='ocrx_word' id='word_1_272' title='bbox 965 3657 1226 3710; x_wconf 89' lang='lat' dir='ltr'><strong>equorum</strong></span> <span class='ocrx_word' id='word_1_273' title='bbox 1247 3679 1260 3704; x_wconf 89' lang='lat'><strong>,</strong></span> <span class='ocrx_word' id='word_1_274' title='bbox 1292 3649 1495 3710; x_wconf 82' lang='lat' dir='ltr'><strong>quanta</strong></span> <span class='ocrx_word' id='word_1_275' title='bbox 1519 3643 1588 3695; x_wconf 88' lang='lat' dir='ltr'><strong>de</strong></span> <span class='ocrx_word' id='word_1_276' title='bbox 1612 3643 1707 3697; x_wconf 88' lang='lat' dir='ltr'><strong>illa</strong></span> <span class='ocrx_word' id='word_1_277' title='bbox 1734 3645 2075 3699; x_wconf 87' lang='lat' dir='ltr'><strong>conflictione</strong></span> <span class='ocrx_word' id='word_1_278' title='bbox 2104 3646 2334 3717; x_wconf 85' lang='lat' dir='ltr'><strong>exprimi</strong></span> <span class='ocrx_word' id='word_1_279' title='bbox 2358 3650 2628 3715; x_wconf 86' lang='lat' dir='ltr'><strong>poterant,</strong></span> <span class='ocrx_word' id='word_1_280' title='bbox 2708 3699 2715 3706; x_wconf 73' lang='grc'>,</span> 
     </span>
     <span class='ocr_line' id='line_1_32' title="bbox 487 3715 2626 3791; baseline 0 -17"><span class='ocrx_word' id='word_1_281' title='bbox 487 3715 854 3775; x_wconf 68' lang='lat' dir='ltr'><strong>inuenerunt?</strong></span> <span class='ocrx_word' id='word_1_282' title='bbox 885 3722 903 3790; x_wconf 77' lang='lat' dir='ltr'>fl</span> <span class='ocrx_word' id='word_1_283' title='bbox 933 3720 962 3770; x_wconf 88' lang='lat'><strong>2</strong></span> <span class='ocrx_word' id='word_1_284' title='bbox 989 3723 1426 3787; x_wconf 83' lang='lat' dir='ltr'><strong>armatorumque</strong></span> <span class='ocrx_word' id='word_1_285' title='bbox 1458 3719 1861 3790; x_wconf 73' lang='lat' dir='ltr'><strong>Oudendorpius</strong></span> <span class='ocrx_word' id='word_1_286' title='bbox 1888 3722 1906 3791; x_wconf 77' lang='lat' dir='ltr'>ss</span> <span class='ocrx_word' id='word_1_287' title='bbox 1934 3727 1963 3775; x_wconf 91' lang='lat'><strong>3</strong></span> <span class='ocrx_word' id='word_1_288' title='bbox 2003 3740 2125 3776; x_wconf 90' lang='lat' dir='ltr'><strong>cum</strong></span> <span class='ocrx_word' id='word_1_289' title='bbox 2162 3722 2349 3775; x_wconf 73' lang='lat' dir='ltr'><strong>addidi</strong></span> <span class='ocrx_word' id='word_1_290' title='bbox 2358 3743 2375 3773; x_wconf 88' lang='lat'><em>:</em></span> <span class='ocrx_word' id='word_1_291' title='bbox 2424 3740 2511 3775; x_wconf 86' lang='lat' dir='ltr'><strong>om</strong></span> <span class='ocrx_word' id='word_1_292' title='bbox 2547 3740 2582 3774; x_wconf 82' lang='lat' dir='ltr'><strong>a</strong></span> <span class='ocrx_word' id='word_1_293' title='bbox 2609 3722 2626 3791; x_wconf 78' lang='lat' dir='ltr'><strong>l}</strong></span> 
     </span>
     <span class='ocr_line' id='line_1_33' title="bbox 488 3793 2629 3869; baseline 0 -19"><span class='ocrx_word' id='word_1_294' title='bbox 488 3802 520 3850; x_wconf 88' lang='lat'>4</span> <span class='ocrx_word' id='word_1_295' title='bbox 545 3815 674 3851; x_wconf 76' lang='lat' dir='ltr'><strong>num</strong></span> <span class='ocrx_word' id='word_1_296' title='bbox 698 3796 900 3849; x_wconf 88' lang='lat' dir='ltr'><strong>maiore</strong></span> <span class='ocrx_word' id='word_1_297' title='bbox 929 3796 956 3849; x_wconf 64' lang='lat'><em>9</em></span> <span class='ocrx_word' id='word_1_298' title='bbox 984 3797 1001 3865; x_wconf 77' lang='grc' dir='ltr'><strong>ῃ</strong></span> <span class='ocrx_word' id='word_1_299' title='bbox 1026 3793 1349 3847; x_wconf 89' lang='lat' dir='ltr'><strong>miraculum</strong></span> <span class='ocrx_word' id='word_1_300' title='bbox 1377 3796 1683 3863; x_wconf 73' lang='lat' dir='ltr'><strong>Stephanus</strong></span> <span class='ocrx_word' id='word_1_301' title='bbox 1711 3799 1727 3867; x_wconf 86' lang='grc' dir='ltr'><strong>ΙΙ</strong></span> <span class='ocrx_word' id='word_1_302' title='bbox 1754 3798 1984 3851; x_wconf 87' lang='lat' dir='ltr'><strong>interius</strong></span> <span class='ocrx_word' id='word_1_303' title='bbox 2008 3799 2230 3869; x_wconf 70' lang='lat' dir='ltr'><strong>scm&#39;psi:</strong></span> <span class='ocrx_word' id='word_1_304' title='bbox 2280 3799 2431 3852; x_wconf 86' lang='lat' dir='ltr'><strong>intus</strong></span> <span class='ocrx_word' id='word_1_305' title='bbox 2456 3817 2510 3851; x_wconf 86' lang='lat' dir='ltr'><strong>a.</strong></span> <span class='ocrx_word' id='word_1_306' title='bbox 2548 3798 2629 3851; x_wconf 88' lang='lat' dir='ltr'><strong>in-</strong></span> 
     </span>
     <span class='ocr_line' id='line_1_34' title="bbox 488 3874 2630 3946; baseline -0.002 -13"><span class='ocrx_word' id='word_1_307' title='bbox 488 3878 695 3933; x_wconf 83' lang='lat' dir='ltr'><strong>tentius</strong></span> <span class='ocrx_word' id='word_1_308' title='bbox 718 3878 1072 3929; x_wconf 70' lang='lat' dir='ltr'><strong>Burmcmnuc</strong></span> <span class='ocrx_word' id='word_1_309' title='bbox 1097 3874 1116 3944; x_wconf 75' lang='grc' dir='ltr'><strong>ΙΙ</strong></span> <span class='ocrx_word' id='word_1_310' title='bbox 1145 3879 1174 3925; x_wconf 88' lang='grc'>5</span> <span class='ocrx_word' id='word_1_311' title='bbox 1211 3881 1456 3927; x_wconf 85' lang='lat' dir='ltr'><strong>recenter</strong></span> <span class='ocrx_word' id='word_1_312' title='bbox 1477 3876 1741 3928; x_wconf 72' lang='lat' dir='ltr'><strong>Heinsius</strong></span> <span class='ocrx_word' id='word_1_313' title='bbox 1758 3897 1776 3929; x_wconf 86' lang='lat'><strong>.-</strong></span> <span class='ocrx_word' id='word_1_314' title='bbox 1813 3886 2057 3931; x_wconf 85' lang='lat' dir='ltr'><strong>reeentes</strong></span> <span class='ocrx_word' id='word_1_315' title='bbox 2091 3897 2144 3931; x_wconf 82' lang='lat' dir='ltr'><strong>a.</strong></span> <span class='ocrx_word' id='word_1_316' title='bbox 2183 3895 2370 3931; x_wconf 86' lang='lat' dir='ltr'><strong>recens</strong></span> <span class='ocrx_word' id='word_1_317' title='bbox 2397 3877 2630 3946; x_wconf 78' lang='lat' dir='ltr'><strong>Scheffe-</strong></span> 
     </span>
     <span class='ocr_line' id='line_1_35' title="bbox 489 3950 2632 4026; baseline 0 -16"><span class='ocrx_word' id='word_1_318' title='bbox 489 3975 583 4011; x_wconf 65' lang='lat' dir='ltr'><strong>rue</strong></span> <span class='ocrx_word' id='word_1_319' title='bbox 610 3957 628 4026; x_wconf 86' lang='grc' dir='ltr'><strong>ΙΙ</strong></span> <span class='ocrx_word' id='word_1_320' title='bbox 657 3959 686 4008; x_wconf 89' lang='grc'>8</span> <span class='ocrx_word' id='word_1_321' title='bbox 711 3955 940 4007; x_wconf 88' lang='lat' dir='ltr'><strong>aduersa</strong></span> <span class='ocrx_word' id='word_1_322' title='bbox 964 3953 1266 4023; x_wconf 74' lang='lat' dir='ltr'><strong>Stephanus</strong></span> <span class='ocrx_word' id='word_1_323' title='bbox 1293 3952 1310 4020; x_wconf 80' lang='grc' dir='ltr'><strong>ΙΙ</strong></span> <span class='ocrx_word' id='word_1_324' title='bbox 1343 3955 1405 4003; x_wconf 90' lang='grc'><strong>14</strong></span> <span class='ocrx_word' id='word_1_325' title='bbox 1441 3950 1613 4005; x_wconf 86' lang='lat' dir='ltr'><strong>Mam.</strong></span> <span class='ocrx_word' id='word_1_326' title='bbox 1664 3954 2100 4024; x_wconf 68' lang='lat' dir='ltr'><strong>Oudendorpius:</strong></span> <span class='ocrx_word' id='word_1_327' title='bbox 2137 3956 2219 4009; x_wconf 89' lang='lat' dir='ltr'><strong>M.</strong></span> <span class='ocrx_word' id='word_1_328' title='bbox 2260 3975 2295 4009; x_wconf 85' lang='lat' dir='ltr'><strong>a</strong></span> <span class='ocrx_word' id='word_1_329' title='bbox 2332 3956 2349 4025; x_wconf 86' lang='grc' dir='ltr'><strong>ΙΙ</strong></span> <span class='ocrx_word' id='word_1_330' title='bbox 2388 3958 2463 4010; x_wconf 91' lang='grc' dir='ltr'><strong>Ι).</strong></span> <span class='ocrx_word' id='word_1_331' title='bbox 2502 3956 2632 4025; x_wconf 74' lang='lat' dir='ltr'><em>Piq-</em></span> 
     </span>
     <span class='ocr_line' id='line_1_36' title="bbox 491 4028 2633 4103; baseline -0.001 -17"><span class='ocrx_word' id='word_1_332' title='bbox 491 4032 644 4087; x_wconf 67' lang='lat' dir='ltr'><strong>laius.-</strong></span> <span class='ocrx_word' id='word_1_333' title='bbox 678 4032 885 4087; x_wconf 79' lang='lat' dir='ltr'><strong>Didius</strong></span> <span class='ocrx_word' id='word_1_334' title='bbox 907 4050 941 4084; x_wconf 86' lang='lat' dir='ltr'><strong>a</strong></span> <span class='ocrx_word' id='word_1_335' title='bbox 967 4030 984 4099; x_wconf 78' lang='grc' dir='ltr'><strong>ΙΙ</strong></span> <span class='ocrx_word' id='word_1_336' title='bbox 1017 4033 1079 4082; x_wconf 87' lang='grc'><strong>16</strong></span> <span class='ocrx_word' id='word_1_337' title='bbox 1106 4028 1274 4099; x_wconf 84' lang='lat' dir='ltr'><strong>elapsi</strong></span> <span class='ocrx_word' id='word_1_338' title='bbox 1299 4028 1637 4097; x_wconf 72' lang='lat' dir='ltr'><strong>Schefferus:</strong></span> <span class='ocrx_word' id='word_1_339' title='bbox 1676 4030 1813 4100; x_wconf 89' lang='lat' dir='ltr'><strong>lapsi</strong></span> <span class='ocrx_word' id='word_1_340' title='bbox 1836 4050 1871 4083; x_wconf 86' lang='lat' dir='ltr'><strong>a</strong></span> <span class='ocrx_word' id='word_1_341' title='bbox 1899 4032 1915 4101; x_wconf 78' lang='lat' dir='ltr'>ss</span> <span class='ocrx_word' id='word_1_342' title='bbox 1942 4032 2263 4103; x_wconf 90' lang='lat' dir='ltr'><strong>Pompeium</strong></span> <span class='ocrx_word' id='word_1_343' title='bbox 2297 4032 2633 4090; x_wconf 78' lang='lat' dir='ltr'><strong>Munckerus</strong></span> 
     </span>
     <span class='ocr_line' id='line_1_37' title="bbox 493 4110 2622 4182; baseline -0.001 -17"><span class='ocrx_word' id='word_1_344' title='bbox 493 4114 566 4165; x_wconf 85' lang='lat' dir='ltr'><strong>ad</strong></span> <span class='ocrx_word' id='word_1_345' title='bbox 598 4114 852 4165; x_wconf 70' lang='lat' dir='ltr'><strong>Laetam.</strong></span> <span class='ocrx_word' id='word_1_346' title='bbox 895 4128 1014 4179; x_wconf 72' lang='lat' dir='ltr'><strong>ary.</strong></span> <span class='ocrx_word' id='word_1_347' title='bbox 1066 4114 1279 4161; x_wconf 76' lang='lat' dir='ltr'><strong>metam.</strong></span> <span class='ocrx_word' id='word_1_348' title='bbox 1317 4111 1632 4173; x_wconf 61' lang='lat' dir='ltr'>XI111,*18,</span> <span class='ocrx_word' id='word_1_349' title='bbox 1684 4126 1717 4161; x_wconf 89' lang='lat' dir='ltr'><strong>a</strong></span> <span class='ocrx_word' id='word_1_350' title='bbox 1756 4110 2017 4181; x_wconf 88' lang='lat' dir='ltr'><strong>Pompeio</strong></span> <span class='ocrx_word' id='word_1_351' title='bbox 2062 4112 2469 4182; x_wconf 72' lang='lat' dir='ltr'><strong>Oudendorpius</strong></span> <span class='ocrx_word' id='word_1_352' title='bbox 2505 4113 2523 4182; x_wconf 70' lang='lat' dir='ltr'>ss</span> <span class='ocrx_word' id='word_1_353' title='bbox 2564 4114 2622 4163; x_wconf 83' lang='lat'><strong>21</strong></span> 
     </span>
     <span class='ocr_line' id='line_1_38' title="bbox 491 4185 1470 4259; baseline -0.006 -17"><span class='ocrx_word' id='word_1_354' title='bbox 491 4189 852 4259; x_wconf 85' lang='lat' dir='ltr'><strong>praelabentis</strong></span> <span class='ocrx_word' id='word_1_355' title='bbox 875 4186 1068 4256; x_wconf 75' lang='lat' dir='ltr'><strong>scripsi</strong></span> <span class='ocrx_word' id='word_1_356' title='bbox 1080 4207 1097 4237; x_wconf 83' lang='lat'><strong>.-</strong></span> <span class='ocrx_word' id='word_1_357' title='bbox 1134 4185 1368 4239; x_wconf 86' lang='lat' dir='ltr'><strong>labentis</strong></span> <span class='ocrx_word' id='word_1_358' title='bbox 1393 4203 1427 4236; x_wconf 87' lang='lat' dir='ltr'><strong>a</strong></span> <span class='ocrx_word' id='word_1_359' title='bbox 1453 4186 1470 4255; x_wconf 74' lang='grc' dir='ltr'><strong>ΙΙ</strong></span> 
     </span>
    </p>
   </div>
  </div>
 </body>
</html>
