3052 4823
496 306 576 367 72
1369 325 1753 369 PERIocHAE

496 473 937 537 uoluntarium
967 474 1275 537 Rhodum
1303 474 1627 557 profectus
1659 484 1793 550 est,
1841 472 2059 556 ibique
2090 473 2411 537 audiendo
2439 485 2505 537 et
2535 475 2625 538 le-

425 594 432 603 ·
493 579 705 659 gendo
728 582 767 653 †
796 597 1064 659 magnos
1096 576 1268 638 uiros
1301 577 1712 639 auocabatur.
1749 576 2033 658 profecto
2063 576 2138 638 C.
2163 575 2437 652 MariuS,
2464 576 2625 640 sedi-

494 677 689 740 tionis
733 688 991 753 auctor,
1044 677 1156 760 qui
1199 688 1455 740 sextum
1496 678 1907 741 consulatum
1950 676 2227 760 pecunia
2262 699 2378 759 per
2417 677 2624 741 tribus

494 800 712 861 sparsa
742 788 980 841 emerat
998 827 1018 855 ‚
1067 801 1234 863 aqua
1275 790 1342 841 et
1370 779 1509 862 igni
1534 779 1896 842 interdixit.
1957 780 2132 842 idem
2159 778 2476 861 Apuleius
2508 778 2625 841 Sa-

495 879 795 943 turninus
826 880 974 943 trib.
1011 881 1182 962 pleb.
1222 882 1298 944 C.
1337 874 1724 944 Memmium
1763 880 2182 943 candidatum
2220 879 2621 954 consulatus,
2658 891 2689 939 5

494 978 800 1063 quoniam
831 982 1269 1044 aduersarium
1299 1004 1447 1044 eum
1479 983 1842 1046 actionibus
1867 981 2001 1044 suis
2033 982 2324 1057 timebat,
2363 980 2619 1044 occidit.

501 1080 734 1163 quibus
765 1083 955 1145 rebus
986 1083 1306 1145 concitato
1337 1096 1601 1160 senatu,
1652 1084 1722 1145 in
1768 1083 1951 1146 cuius
1982 1104 2244 1145 causam
2274 1093 2337 1146 et
2368 1086 2444 1148 C.
2483 1085 2625 1145 Ma-

492 1182 626 1245 rius
646 1230 666 1257 ,
728 1183 920 1244 homo
965 1184 1132 1246 uarii
1175 1195 1240 1247 et
1284 1184 1616 1247 mutabilis
1660 1184 1909 1267 ingenii
1953 1184 2334 1267 consiliique
2376 1206 2627 1266 semper

495 1286 844 1346 secundam
873 1284 1222 1362 fortunam,
1261 1285 1623 1361 transierat,
1660 1306 1995 1367 oppressus
2028 1286 2223 1349 armis
2248 1308 2399 1348 cum
2422 1277 2625 1348 Glau-

494 1383 595 1447 cia
622 1394 909 1466 praetore
942 1395 1006 1448 et
1037 1386 1180 1449 aliis
1214 1387 1502 1449 eiusdem
1543 1386 1773 1449 furoris
1804 1386 1990 1451 sociis
2018 1387 2187 1450 bello
2221 1390 2498 1469 quodam
2528 1386 2626 1449 in·
2664 1399 2731 1449 10

496 1484 803 1549 terfectus
835 1500 952 1550 est.
1007 1490 1089 1556 Q.
1127 1488 1448 1552 Caecilius
1481 1489 1789 1553 Metellus
1820 1474 1898 1552 ab
1932 1488 2127 1552 exilio
2146 1488 2399 1572 ingenti
2430 1488 2630 1552 totius

495 1586 778 1650 ciuitatis
809 1588 1028 1652 fauore
1056 1592 1358 1653 reductus
1390 1600 1508 1654 est.
1521 1589 1661 1660 Μ’.
1697 1590 1998 1673 Aquilius
2024 1611 2268 1674 procos,
2305 1590 2372 1652 in
2407 1590 2631 1654 Sicilia

492 1688 739 1751 bellum
770 1690 1000 1755 seruile
1032 1690 1386 1754 excitatum
1415 1691 1711 1755 confecit.

1255 1928 1383 1989 EX
1428 1928 1605 1989 LIB.
1658 1928 1879 1990 LXX.

496 2095 664 2157 Cum
710 2093 823 2156 M'.
860 2094 1162 2176 Aquilius
1207 2098 1286 2158 de
1329 2096 1624 2177 pecuniis
1664 2096 2035 2179 repetundis
2067 2117 2327 2159 causam
2361 2094 2620 2170 diceret,
2662 2106 2727 2155 15

495 2196 632 2285 ipse
655 2195 898 2259 iudices
921 2217 1144 2279 rogare
1166 2198 1416 2272 noluit3
1456 2199 1553 2260 M.
1583 2198 1909 2261 Antonius
1940 2198 2053 2280 qui
2065 2220 2180 2282 pro
2206 2220 2279 2260 eo
2293 2181 2630 2281 perorabat

415 2283 426 2287 ⁵
497 2298 788 2361 tunicam
811 2312 845 2361 a
862 2309 1116 2382 pectore
1142 2298 1280 2361 eius
1307 2297 1589 2374 discidit,
1624 2310 1701 2361 ut
1724 2300 2027 2363 honestas
2058 2298 2383 2362 cicatrices
2416 2308 2627 2361 osten-

499 2401 699 2477 deret,
735 2411 800 2464 et
821 2388 1186 2464 indubitate
1221 2402 1554 2465 absolutus
1587 2411 1703 2464 est.
1757 2401 1981 2465 Cicero
2011 2401 2150 2465 eius
2182 2400 2275 2464 rei
2306 2399 2480 2463 solus
2515 2420 2625 2460 au-

498 2513 656 2565 ctor.
710 2504 786 2565 T.
811 2504 1045 2567 Didius
1076 2526 1321 2586 procos,
1353 2506 1659 2567 aduersus
1692 2503 2046 2567 Celtiberos
2077 2501 2349 2565 feliciter
2379 2521 2626 2585 pugna-

498 2602 618 2665 uit.
699 2604 1110 2667 Ptolemaeus
1155 2606 1555 2688 Cyrenarum
1594 2626 1741 2679 rex,
1806 2603 1912 2665 cui
1958 2625 2314 2700 cognomen
2354 2600 2631 2685 Apionis
2662 2612 2731 2662 20

497 2703 647 2779 fuit,
681 2715 972 2766 mortuus
1001 2705 1304 2768 heredem
1332 2707 1645 2790 populum
1662 2707 2045 2775 Romanum
2073 2687 2358 2785 reliquit,
2392 2714 2458 2766 et
2489 2702 2627 2765 eius

499 2803 681 2886 regni
712 2804 1008 2868 ciuitates
1041 2815 1302 2869 senatus
1332 2806 1569 2868 liberas
1601 2827 1736 2869 esse
1767 2805 1978 2870 iussit.
2051 2803 2512 2867 Ariobarzanes
2558 2803 2630 2865 in

498 2927 770 2988 regnum
800 2905 1242 2989 Cappadociae
1274 2930 1313 2969 a
1342 2908 1419 2969 L.
1449 2907 1749 2970 Cornelio
1782 2907 1962 2989 Sylla
1990 2907 2289 2968 reductus
2314 2915 2434 2968 est.
2473 2907 2628 2968 Par—

497 3008 758 3070 thorum
803 3007 1001 3091 legati
1034 3030 1072 3071 a
1101 3031 1249 3092 rege
1278 3011 1514 3073 Arsace
1544 3008 1726 3071 missi
1772 3018 2094 3070 uenerunt
2138 3009 2219 3069 ad
2261 3006 2509 3090 Syllam
2554 3015 2631 3068 ut

499 3109 850 3173 amicitiam
879 3109 1103 3193 populi
1132 3110 1416 3174 Romani
1458 3120 1772 3192 peterent.
1836 3111 1914 3172 P.
1950 3106 2281 3184 Rutilius,
2330 3106 2433 3170 uir
2462 3129 2631 3171 sum-
2664 3119 2732 3169 25

504 3378 523 3426 1
558 3373 925 3444 uoluntarium
951 3374 1200 3428 exsilium
1227 3393 1258 3426 r
1284 3374 1301 3443 ΙΙ
1328 3374 1562 3443 legendo
1589 3383 1644 3427 et
1675 3374 1947 3428 audiendo
1975 3391 2041 3436 ςν
2066 3373 2083 3444 ΙΙ
2112 3376 2141 3426 2
2176 3373 2484 3425 aduocabat
2520 3389 2586 3434 ςν
2612 3372 2629 3441 ΙΙ

501 3456 529 3504 3
556 3457 770 3503 sextum
796 3452 1014 3520 quidem
1039 3468 1071 3501 r
1097 3451 1114 3519 {l
1131 3469 1236 3521 ·per
1261 3451 1436 3508 tribus
1467 3468 1659 3520 ‚sparsa
1696 3451 1927 3520 pecunia
1966 3469 2032 3513 ςν
2058 3451 2075 3520 ΙΙ
2102 3449 2333 3519 pecunia
2370 3467 2455 3501 om
2493 3467 2528 3510 ς
2553 3447 2570 3516 ΙΙ
2599 3452 2630 3500 5

499 3528 810 3582 consulatus
835 3529 1141 3596 petitiorem
1166 3530 1462 3581 maximum
1488 3547 1647 3598 quem
1672 3547 1705 3580 r
1730 3529 1746 3598 ΙΙ
1774 3534 1805 3583 6
1832 3547 1955 3583 eum
1980 3529 2198 3598 scripsi:
2246 3530 2363 3582 eius
2386 3542 2517 3591 Νςν,
2548 3547 2635 3580 om

503 3625 536 3666 ς
561 3605 578 3674 ΙΙ
606 3604 879 3656 interemit
902 3622 933 3655 r
959 3605 976 3674 ΙΙ
1006 3609 1032 3656 7
1061 3605 1331 3657 concitato
1357 3623 1518 3676 quam
1544 3602 1838 3676 plurimum
1863 3625 1894 3659 r
1920 3608 1937 3678 Η
1965 3607 2081 3660 eius
2108 3624 2139 3659 r
2164 3607 2181 3676 ΙΙ
2211 3610 2240 3658 8
2269 3605 2548 3658 mutabilis
2578 3613 2634 3656 et

501 3681 640 3734 uarii
664 3680 882 3734 consilii·
900 3680 1217 3752 ingeniique
1243 3683 1338 3751 qui
1375 3700 1586 3752 semper
1622 3702 1655 3736 r
1680 3686 1697 3752 {l
1726 3685 2121 3753 consiliumque
2150 3695 2205 3753 ,Ν
2230 3683 2247 3751 ss
2276 3685 2307 3732 9
2345 3681 2635 3734 transierat

501 3775 624 3810 cum
649 3756 790 3818 tueri
813 3756 1033 3810 minime
1059 3767 1243 3825 posset
1266 3776 1298 3810 r
1323 3757 1340 3826 ΙΙ
1372 3760 1433 3811 10
1459 3759 1621 3812 sociis
1646 3760 1753 3812 add
1761 3776 1813 3811 r:
1840 3773 2023 3824 οηιΝς
2049 3762 2065 3831 ΙΙ
2092 3779 2125 3813 a
2146 3758 2373 3813 Rabirio
2400 3759 2639 3829 quodam

504 3833 754 3902 :siqonius
781 3834 798 3904 ΙΙ
830 3833 902 3885 12·
918 3832 1018 3886 M’.
1041 3832 1290 3902 Siyom'us
1307 3856 1325 3886 .·
1351 3853 1424 3888 m.
1440 3847 1555 3896 Ngr
1579 3836 1598 3906 ss
1629 3839 1688 3887 13
1706 3835 2034 3889 concitatum
2050 3854 2082 3888 r
2106 3837 2125 3905 u
2156 3839 2217 3887 15
2233 3835 2334 3886 M’.
2352 3834 2605 3903 Siqonius
2620 3855 2639 3885 .-

499 3931 572 3964 m.
600 3923 722 3974 Νςν.
741 3912 758 3981 ΙΙ
790 3915 852 3965 16
877 3929 1067 3981 rogare
1091 3908 1297 3967 iudices
1315 3931 1353 3964 ‘r
1378 3912 1395 3982 ΙΙ
1427 3916 1489 3965 18
1516 3919 1573 3966 et
1596 3932 1680 3966 om
1708 3935 1768 3977 ς,
1812 3913 2012 3983 quibus
2038 3911 2349 3982 'conspectis
2372 3929 2404 3963 r
2429 3911 2447 3979 ss
2473 3911 2635 3963 indu-

501 3988 738 4041 bitanter
764 4007 829 4051 ςν
855 3989 872 4059 ss
905 3993 965 4042 19
990 3989 1052 4042 Τ.
1080 4007 1163 4041 om
1186 4007 1218 4040 r
1243 3990 1260 4059 ss
1287 3995 1352 4044 20
1379 3996 1800 4060 cognomentum
1828 4009 1894 4053 ςν
1919 3990 1936 4060 ΙΙ
1962 3989 2233 4061 alypionis
2270 4001 2385 4053 Νς,
2428 3989 2635 4060 Appio-

500 4065 586 4192 {is
610 4083 642 4116 r
667 4068 772 4209 unm
805 4083 894 4119 eas
931 4068 1057 4136 Νςῦ
1086 4069 1151 4118 24
1191 4067 1360 4120 arsale
1397 4079 1478 4135 Ny
1505 4069 1523 4135 [l
1551 4068 1621 4119 ad
1656 4066 1851 4120 sullam
1886 4073 2157 4120 uenerunt
2194 4083 2262 4129 ςν
2300 4065 2317 4134 ΙΙ
2362 4069 2427 4119 25
2466 4083 2499 4118 a
2538 4083 2629 4136 p0.

555 4159 606 4191 o.
633 4158 664 4193 r
