3052 4823
1140 382 1203 424 T.
1240 381 1382 424 L1v1
1415 378 1763 423 Lx—Lx11.
2435 360 2515 421 67

391 552 636 614 procos.
676 533 982 595 aduersus
1023 531 1400 611 Allobrogas
1445 531 1526 592 ad
1558 527 1865 612 oppidum
1893 527 2275 594 Vindalium
2317 528 2517 592 felici·

388 642 486 694 ter
513 633 856 715 pugnauit.
909 631 1152 715 quibus·
1168 632 1413 695 bellum
1443 630 1760 694 inferendi
1789 652 1981 694 causa
2009 630 2158 706 fuit,
2193 631 2367 713 quod
2387 631 2519 693 Tu-

388 734 779 797 tomotulum
822 734 1267 797 Salluuiorum
1324 754 1540 816 regem
1597 733 1957 816 fugientem
2009 733 2399 816 recepissent
2455 742 2521 794 et

389 834 568 897 omni
619 856 739 917 ope
789 834 1143 910 iuuissent,
1207 836 1503 918 quodque
1556 836 1929 896 Aeduorum
1983 855 2167 916 agros
2208 862 2244 896 2*
2294 833 2522 917 populi

325 947 356 998 5
389 935 674 998 Romani
703 935 1160 998 uastauissent.
1212 937 1288 999 C.
1319 936 1655 999 Gracchus
1686 935 1987 999 seditioso
2019 934 2355 998 tribunatu
2378 944 2521 998 acto

393 1033 542 1100 cum
571 1036 977 1099 Auentinum
1005 1058 1260 1119 quoque
1291 1047 1538 1099 armata
1566 1036 1985 1098 multitudine
2030 1045 2438 1118 occupasset,
2485 1057 2524 1098 a

390 1140 468 1201 L.
505 1137 767 1221 Opimio
799 1159 928 1200 cos.
974 1159 1056 1200 ex
1101 1137 1227 1200 SC.
1267 1149 1496 1200 uocato
1542 1141 1624 1201 ad
1678 1160 1855 1200 arma
1896 1137 2137 1221 populo
2187 1136 2415 1220 pulsus
2458 1146 2524 1198 et

389 1239 640 1303 occisus
671 1249 770 1301 est
787 1286 806 1314 ,
862 1247 926 1300 et
956 1260 1105 1301 cum
1137 1260 1212 1302 eo
1243 1238 1517 1302 Fuluius
1565 1240 1835 1302 Flaccus
1878 1239 2263 1314 consularis,
2314 1237 2522 1302 socius

391 1341 680 1404 eiusdem
722 1339 976 1403 fiiroriS.
1058 1341 1142 1408 Q.
1188 1339 1428 1404 Fabius
1471 1340 1801 1404 Maximus
1847 1363 2007 1418 cos,
2056 1340 2251 1404 Pauli
2294 1361 2519 1422 ηεροδ,

295 1455 360 1505 10
393 1444 704 1506 aduersus
732 1442 1115 1525 Allobrogas
1144 1453 1210 1505 et
1240 1441 1567 1504 Bituitum
1596 1442 2032 1506 Aruernorum
2076 1463 2295 1523 regem
2321 1441 2521 1505 felici·

390 1553 488 1606 ter
499 1544 842 1631 pugnauit.
881 1566 962 1607 ex
979 1542 1214 1606 Bituiti
1243 1543 1531 1607 exercitu
1560 1542 1767 1606 occisa
1792 1543 1975 1606 milia
2004 1563 2135 1606 cxx
2150 1567 2169 1617 ;
2206 1542 2343 1624 ipse
2373 1564 2523 1609 cum

392 1645 474 1706 ad
505 1645 1030 1708 satisfaciendum
1059 1644 1314 1708 senatui
1344 1647 1623 1709 Romam
1667 1645 1988 1728 profectus
2034 1653 2202 1709 esset
2218 1691 2239 1719 ,
2286 1644 2523 1707 Albam

389 1745 852 1809 custodiendus
883 1749 1074 1809 datus
1101 1760 1202 1828 est
1221 1796 1239 1823 ,
1274 1746 1427 1830 quia
1456 1756 1675 1810 contra
1708 1767 1935 1829 pacem
1978 1745 2318 1807 uidebatur
2346 1755 2421 1806 ut
2452 1744 2523 1806 in

392 1847 680 1910 Galliam
708 1849 1158 1912 remitteretur.
1224 1850 1554 1911 decretum
1595 1869 1847 1931 quoque
1876 1857 1975 1910 est
2015 1858 2091 1910 ut
2139 1847 2522 1928 Congonne-

229 2027 236 2032 ἢ
295 1961 356 2011 15
389 1948 596 2012 tiacus
625 1950 800 2012 filius
832 1950 968 2013 eius
999 1949 1475 2031 conprehensus
1498 1950 1779 2012 Romam
1808 1949 2191 2013 mitteretur.
2228 1949 2524 2011 Allobro-

393 2071 504 2133 ges
537 2050 606 2111 in
636 2050 1030 2114 deditionem
1058 2050 1318 2133 recepti.
1380 2052 1457 2113 L.
1496 2049 1797 2132 Opimius
1840 2060 2175 2113 accusatus
2222 2059 2381 2132 aput
2409 2071 2520 2132 po-

390 2152 623 2233 pulum
653 2175 691 2214 a
721 2153 804 2219 Q.
834 2143 1042 2214 'Decio
1073 2153 1222 2216 trib.
1270 2151 1511 2236 plebis,
1572 2153 1744 2234 quod
1786 2151 2193 2216 indemnatos
2235 2151 2408 2215 ciues
2452 2151 2523 2213 in

393 2274 710 2317 carcerem
739 2253 1149 2330 coniecisset,
1184 2254 1517 2317 absolutus
1550 2264 1668 2316 est.

1139 2489 1268 2551 EX
1312 2488 1489 2551 LIB.
1540 2488 1767 2550 LXII.

294 2667 360 2717 20
393 2658 474 2724 Q.
527 2656 810 2719 Marcius
857 2679 986 2720 cOS.
1035 2656 1311 2740 Stynos,
1374 2666 1638 2740 gentem
1681 2653 2025 2737 Alpinam,
2091 2652 2514 2737 expugnauit.

394 2758 672 2840 Micipsa
699 2758 1052 2822 Numidiae
1081 2781 1195 2821 rex
1223 2767 1516 2821 mortuus
1547 2750 1819 2841 regnum
1844 2757 2048 2820 tribus
2078 2755 2231 2819 filiis
2262 2755 2522 2839 reliquit

323 2910 330 2916 .
391 2858 729 2922 Atherbali
759 2859 1128 2943 Hiempsali
1161 2859 1545 2943 Iugurthae,
1581 2860 1794 2923 fratris
1824 2860 1995 2935 filio,
2035 2879 2227 2942 quem
2258 2860 2518 2941 adopta-

395 2970 600 3022 uerat.
664 2961 741 3022 L.
779 2962 1100 3025 Caecilius
1133 2961 1440 3025 MeteUus
1473 2957 1809 3024 Dalmatas
1842 2961 2121 3043 subegit.
2201 2959 2522 3041 Iugurtha

395 3060 843 3143 Hiempsalem
871 3063 1132 3126 fratrem
1161 3063 1351 3145 petiit
1377 3064 1587 3138 bello,
1623 3064 1734 3145 qui
1764 3063 1977 3126 uictus
2009 3060 2351 3134 occiditur3
2400 3066 2519 3122 At-

293 3174 359 3223 25
390 3162 717 3225 herbalem
744 3185 944 3246 regno
975 3164 1262 3246 expulit3
1301 3163 1355 3226 is
1389 3186 1427 3225 a
1457 3176 1688 3227 senatu
1717 3163 2053 3226 restitutus
2086 3172 2203 3225 est.
2252 3163 2331 3224 L.
2363 3161 2520 3223 Cae⁴

394 3264 582 3328 cilius
613 3264 920 3327 MeteUus
952 3265 1076 3327 Cn.
1128 3264 1453 3327 Domitius
1499 3265 1965 3328 Ahenobarbus
2010 3285 2303 3327 censores
2360 3264 2520 3326 duos

395 3499 416 3547 1
448 3500 635 3550 contra
658 3494 984 3564 Allobroges
1008 3512 1039 3546 r
1064 3496 1082 3565 ΙΙ
1107 3495 1341 3548 multum
1375 3495 1607 3548 feliciter
1630 3512 1661 3547 r
1687 3494 1704 3564 ΙΙ
1732 3498 1761 3547 2
1789 3495 2211 3548 teutomotulum
2239 3512 2274 3557 ς
2290 3534 2304 3559 ,
2343 3500 2522 3548 teuto-

389 3572 595 3624 molum
624 3591 674 3636 ς,
707 3571 1084 3625 teutomalium
1113 3590 1178 3635 ςν
1203 3574 1221 3641 ss
1249 3577 1278 3625 3
1307 3572 1618 3627 Saliuorum
1642 3590 1675 3624 r
1700 3573 1716 3640 l}
1744 3576 1775 3623 4
1802 3572 2125 3626 Heduorum
2152 3592 2183 3626 r
2208 3575 2224 3644 ΙΙ
2251 3590 2410 3643 agros
2435 3592 2521 3627 so-

389 3648 597 3701 ciorum
621 3648 811 3718 populi
837 3666 920 3712 ςν,
948 3664 1107 3717 agros
1132 3649 1427 3701 amicorum
1460 3648 1650 3718 populi
1678 3666 1711 3709 ς
1736 3648 1753 3716 ΙΙ
1780 3652 1811 3701 6
1837 3658 2044 3703 armata
2078 3667 2296 3720 quoque
2331 3667 2362 3701 r
2388 3652 2407 3719 u
2433 3668 2521 3703 oc·

393 3726 702 3797 cupauisset
724 3744 756 3779 r
781 3728 798 3796 ΙΙ
828 3730 856 3777 7
889 3725 1080 3795 pulsus
1105 3726 1571 3796 interemptusque
1589 3744 1627 3795 ρ·
1652 3728 1669 3797 ΙΙ
1698 3731 1727 3779 8
1756 3744 1903 3780 cons.
1930 3741 2030 3792 Νς,
2060 3747 2144 3781 om
2168 3748 2201 3781 r
2225 3731 2242 3798 ΙΙ
2270 3732 2301 3781 9
2322 3729 2521 3782 furoris

388 3824 472 3857 om
497 3823 529 3857 r
554 3807 570 3874 ΙΙ
599 3821 652 3874 g.
681 3804 860 3858 fabius
884 3817 932 3858 Ν
955 3804 972 3874 ΙΙ
1001 3806 1065 3855 10
1089 3804 1414 3873 Allobroges
1439 3822 1470 3857 r
1495 3806 1512 3873 ΙΙ
1545 3808 1603 3856 11
1635 3811 1691 3857 et
1715 3822 1835 3857 cum
1861 3806 1977 3875 ipse
2012 3824 2043 3858 r
2068 3806 2085 3873 ΙΙ
2118 3810 2177 3859 12
2204 3806 2358 3859 albae
2386 3825 2452 3869 ςν
2476 3808 2494 3878 Ι]

393 3880 454 3929 14
483 3878 877 3948 Congentiatus
913 3899 944 3932 r
970 3881 987 3950 ΙΙ
1020 3880 1315 3948 16.accepti
1350 3897 1381 3932 r
1407 3881 1424 3950 ΙΙ
1457 3883 1516 3931 18
1537 3879 1799 3933 liberatus
1823 3898 1854 3932 r
1880 3884 1897 3950 ss
1925 3884 1991 3933 20
2016 3882 2189 3935 stinos
2216 3900 2267 3944 ς,
2298 3882 2521 3937 Sarnios

387 3974 420 4008 r
444 3959 462 4026 ss
491 3960 550 4010 21
569 3958 932 4013 Numidarum
956 3977 987 4012 r
1012 3961 1030 4029 11
1057 3963 1121 4013 22
1148 3958 1488 4012 adherbaliN
1509 3959 1525 4028 ΙΙ
1555 3958 1859 4028 Hiempsali
1881 3977 1912 4011 r
1938 3960 1955 4028 ss
1983 3966 2039 4011 et
2061 3960 2354 4029 iugurthae
2384 3980 2450 4023 ςν
2475 3963 2493 4031 ss

386 4034 443 4087 in
469 4035 642 4089 filium
666 4038 1024 4107 adoptauerat
1046 4055 1077 4090 r
1102 4038 1120 4108 ΙΙ
1149 4041 1214 4091 23
1241 4037 1456 4091 obsedit
1493 4055 1525 4090 r
1551 4039 1567 4106 ss
1597 4040 1661 4089 24
1699 4038 1841 4106 petit
1881 4049 1963 4099 ςΝ
1985 4038 2002 4106 11
2028 4037 2174 4091 bello
2200 4040 2359 4108 petiit
2384 4043 2493 4109 ςν·ΙΙ

384 4129 547 4181 quem
573 4113 780 4167 uictum
807 4132 874 4176 ςν
899 4115 916 4183 ΙΙ
944 4113 1209 4169 occiditur
1233 4115 1426 4185 scripsi
1439 4136 1457 4166 .·
1483 4114 1683 4168 occidit
1704 4125 1803 4177 Νς,
1832 4115 2151 4175 interemitr
2176 4116 2195 4187 ῙΙ
2222 4120 2286 4169 25
2313 4117 2450 4188 quir
2474 4119 2493 4197 §fl

386 4188 424 4241 l.
455 4188 716 4241 domitius
739 4190 988 4245 metellus
1011 4203 1094 4254 Νς
1119 4192 1137 4265 ΙΙ

2096 4280 2177 4343 5*
