<?xml version="1.0" encoding="UTF-8"?>
<!DOCTYPE html PUBLIC "-//W3C//DTD XHTML 1.0 Transitional//EN"
    "http://www.w3.org/TR/xhtml1/DTD/xhtml1-transitional.dtd">
<html xmlns="http://www.w3.org/1999/xhtml" xml:lang="en" lang="en">
 <head>
  <title>
</title>
<meta http-equiv="Content-Type" content="text/html;charset=utf-8" />
  <meta name='ocr-system' content='tesseract 3.04.00' />
  <meta name='ocr-capabilities' content='ocr_page ocr_carea ocr_par ocr_line ocrx_word'/>
</head>
<body>
  <div class='ocr_page' id='page_1' title='image "./tliviaburbecond00jahngoog_0105.png"; bbox 0 0 3052 4823; ppageno 0'>
   <div class='ocr_carea' id='block_1_1' title="bbox 529 323 1783 386">
    <p class='ocr_par' dir='ltr' id='par_1_1' title="bbox 529 323 1783 386">
     <span class='ocr_line' id='line_1_1' title="bbox 529 323 1783 386; baseline 0.003 -4"><span class='ocrx_word' id='word_1_1' title='bbox 529 323 610 383; x_wconf 86' lang='lat'><strong>74</strong></span> <span class='ocrx_word' id='word_1_2' title='bbox 1399 342 1783 386; x_wconf 80' lang='lat' dir='ltr'><strong>PERIOCHAE</strong></span> 
     </span>
    </p>
   </div>
   <div class='ocr_carea' id='block_1_2' title="bbox 527 490 2722 1082">
    <p class='ocr_par' dir='ltr' id='par_1_2' title="bbox 527 490 2722 1082">
     <span class='ocr_line' id='line_1_2' title="bbox 527 490 2652 574; baseline 0.002 -22"><span class='ocrx_word' id='word_1_3' title='bbox 527 490 722 572; x_wconf 83' lang='lat' dir='ltr'><strong>pulus</strong></span> <span class='ocrx_word' id='word_1_4' title='bbox 766 490 1062 574; x_wconf 84' lang='lat' dir='ltr'><strong>sumpsit.</strong></span> <span class='ocrx_word' id='word_1_5' title='bbox 1135 490 1403 555; x_wconf 86' lang='lat' dir='ltr'><strong>Seruius</strong></span> <span class='ocrx_word' id='word_1_6' title='bbox 1457 492 1671 554; x_wconf 85' lang='lat' dir='ltr'><strong>Galba</strong></span> <span class='ocrx_word' id='word_1_7' title='bbox 1712 514 1751 554; x_wconf 91' lang='lat' dir='ltr'><strong>a</strong></span> <span class='ocrx_word' id='word_1_8' title='bbox 1793 491 2076 555; x_wconf 87' lang='lat' dir='ltr'><strong>Lucanis</strong></span> <span class='ocrx_word' id='word_1_9' title='bbox 2132 493 2652 574; x_wconf 78' lang='lat' dir='ltr'><strong>comprehensuS‚</strong></span> 
     </span>
     <span class='ocr_line' id='line_1_3' title="bbox 528 592 2655 677; baseline 0.001 -22"><span class='ocrx_word' id='word_1_10' title='bbox 528 592 724 656; x_wconf 93' lang='lat' dir='ltr'><strong>unius</strong></span> <span class='ocrx_word' id='word_1_11' title='bbox 774 593 1052 656; x_wconf 90' lang='lat' dir='ltr'><strong>feminae</strong></span> <span class='ocrx_word' id='word_1_12' title='bbox 1085 615 1299 675; x_wconf 86' lang='lat' dir='ltr'><strong>opera,</strong></span> <span class='ocrx_word' id='word_1_13' title='bbox 1351 594 1432 655; x_wconf 86' lang='lat' dir='ltr'><strong>ad</strong></span> <span class='ocrx_word' id='word_1_14' title='bbox 1464 615 1658 675; x_wconf 88' lang='lat' dir='ltr'><strong>quam</strong></span> <span class='ocrx_word' id='word_1_15' title='bbox 1690 595 2162 670; x_wconf 88' lang='lat' dir='ltr'><strong>deuertebatur‚</strong></span> <span class='ocrx_word' id='word_1_16' title='bbox 2199 616 2233 656; x_wconf 98' lang='lat' dir='ltr'><strong>e</strong></span> <span class='ocrx_word' id='word_1_17' title='bbox 2276 595 2655 677; x_wconf 89' lang='lat' dir='ltr'><strong>captiuitate</strong></span> 
     </span>
     <span class='ocr_line' id='line_1_4' title="bbox 530 694 2655 778; baseline 0.002 -22"><span class='ocrx_word' id='word_1_18' title='bbox 530 705 824 778; x_wconf 87' lang='lat' dir='ltr'><strong>receptus</strong></span> <span class='ocrx_word' id='word_1_19' title='bbox 856 704 972 758; x_wconf 89' lang='lat' dir='ltr'><strong>est.</strong></span> <span class='ocrx_word' id='word_1_20' title='bbox 1021 694 1332 758; x_wconf 85' lang='lat' dir='ltr'><strong>Aesernia</strong></span> <span class='ocrx_word' id='word_1_21' title='bbox 1363 703 1427 757; x_wconf 92' lang='lat' dir='ltr'><strong>et</strong></span> <span class='ocrx_word' id='word_1_22' title='bbox 1455 695 1625 758; x_wconf 87' lang='lat' dir='ltr'><strong>Alba</strong></span> <span class='ocrx_word' id='word_1_23' title='bbox 1656 695 1943 758; x_wconf 88' lang='lat' dir='ltr'><strong>coloniae</strong></span> <span class='ocrx_word' id='word_1_24' title='bbox 1974 697 2053 758; x_wconf 88' lang='lat' dir='ltr'><strong>ab</strong></span> <span class='ocrx_word' id='word_1_25' title='bbox 2086 695 2333 758; x_wconf 84' lang='lat' dir='ltr'><strong>Italicis</strong></span> <span class='ocrx_word' id='word_1_26' title='bbox 2364 697 2655 760; x_wconf 81' lang='lat' dir='ltr'>obsessae</span> 
     </span>
     <span class='ocr_line' id='line_1_5' title="bbox 529 795 2658 880; baseline 0.001 -22"><span class='ocrx_word' id='word_1_27' title='bbox 529 807 705 859; x_wconf 89' lang='lat' dir='ltr'><strong>sunt.</strong></span> <span class='ocrx_word' id='word_1_28' title='bbox 743 797 987 859; x_wconf 78' lang='lat' dir='ltr'><strong>auxilia</strong></span> <span class='ocrx_word' id='word_1_29' title='bbox 1017 797 1248 860; x_wconf 91' lang='lat' dir='ltr'><strong>deinde</strong></span> <span class='ocrx_word' id='word_1_30' title='bbox 1280 795 1500 860; x_wconf 86' lang='lat' dir='ltr'><strong>Latini</strong></span> <span class='ocrx_word' id='word_1_31' title='bbox 1532 796 1814 860; x_wconf 88' lang='lat' dir='ltr'><strong>nominis</strong></span> <span class='ocrx_word' id='word_1_32' title='bbox 1844 806 2335 879; x_wconf 84' lang='lat' dir='ltr'><strong>exterarumque</strong></span> <span class='ocrx_word' id='word_1_33' title='bbox 2363 799 2658 880; x_wconf 87' lang='lat' dir='ltr'><strong>gentium</strong></span> 
     </span>
     <span class='ocr_line' id='line_1_6' title="bbox 529 897 2722 982; baseline 0 -22"><span class='ocrx_word' id='word_1_34' title='bbox 529 897 726 961; x_wconf 91' lang='lat' dir='ltr'><strong>missa</strong></span> <span class='ocrx_word' id='word_1_35' title='bbox 754 899 994 981; x_wconf 93' lang='lat' dir='ltr'><strong>populo</strong></span> <span class='ocrx_word' id='word_1_36' title='bbox 1024 900 1322 961; x_wconf 85' lang='lat' dir='ltr'><strong>Romano</strong></span> <span class='ocrx_word' id='word_1_37' title='bbox 1353 908 1419 960; x_wconf 89' lang='lat' dir='ltr'><strong>et</strong></span> <span class='ocrx_word' id='word_1_38' title='bbox 1447 897 1888 982; x_wconf 83' lang='lat' dir='ltr'><strong>expeditiones</strong></span> <span class='ocrx_word' id='word_1_39' title='bbox 1924 897 2207 961; x_wconf 89' lang='lat' dir='ltr'><strong>inuicem</strong></span> <span class='ocrx_word' id='word_1_40' title='bbox 2236 899 2659 982; x_wconf 84' lang='lat' dir='ltr'><strong>expugnatio·</strong></span> <span class='ocrx_word' id='word_1_41' title='bbox 2692 911 2722 960; x_wconf 88' lang='lat'>5</span> 
     </span>
     <span class='ocr_line' id='line_1_7' title="bbox 529 999 1474 1082; baseline -0.002 -20"><span class='ocrx_word' id='word_1_42' title='bbox 529 1021 770 1082; x_wconf 90' lang='lat' dir='ltr'><strong>nesque</strong></span> <span class='ocrx_word' id='word_1_43' title='bbox 801 999 1061 1063; x_wconf 86' lang='lat' dir='ltr'><strong>urbium</strong></span> <span class='ocrx_word' id='word_1_44' title='bbox 1090 999 1474 1062; x_wconf 90' lang='lat' dir='ltr'><strong>referuntur.</strong></span> 
     </span>
    </p>
   </div>
   <div class='ocr_carea' id='block_1_3' title="bbox 1225 1232 1963 1297">
    <p class='ocr_par' dir='ltr' id='par_1_3' title="bbox 1225 1232 1963 1297">
     <span class='ocr_line' id='line_1_8' title="bbox 1225 1232 1963 1297; baseline -0.003 -1"><span class='ocrx_word' id='word_1_45' title='bbox 1225 1233 1353 1296; x_wconf 90' lang='lat' dir='ltr'><strong>EX</strong></span> <span class='ocrx_word' id='word_1_46' title='bbox 1399 1232 1575 1295; x_wconf 90' lang='lat' dir='ltr'><strong>LIB.</strong></span> <span class='ocrx_word' id='word_1_47' title='bbox 1628 1233 1963 1297; x_wconf 90' lang='lat' dir='ltr'>LXXIII.</span> 
     </span>
    </p>
   </div>
   <div class='ocr_carea' id='block_1_4' title="bbox 531 1401 2763 1992">
    <p class='ocr_par' dir='ltr' id='par_1_4' title="bbox 531 1401 2763 1992">
     <span class='ocr_line' id='line_1_9' title="bbox 533 1401 2653 1486; baseline 0 -22"><span class='ocrx_word' id='word_1_48' title='bbox 533 1403 610 1464; x_wconf 91' lang='lat' dir='ltr'><strong>L.</strong></span> <span class='ocrx_word' id='word_1_49' title='bbox 663 1401 875 1464; x_wconf 92' lang='lat' dir='ltr'><strong>Iulius</strong></span> <span class='ocrx_word' id='word_1_50' title='bbox 920 1403 1155 1466; x_wconf 85' lang='lat' dir='ltr'><strong>Caesar</strong></span> <span class='ocrx_word' id='word_1_51' title='bbox 1194 1424 1322 1465; x_wconf 90' lang='lat' dir='ltr'><strong>cos.</strong></span> <span class='ocrx_word' id='word_1_52' title='bbox 1373 1402 1544 1464; x_wconf 90' lang='lat' dir='ltr'><strong>male</strong></span> <span class='ocrx_word' id='word_1_53' title='bbox 1588 1404 1894 1466; x_wconf 89' lang='lat' dir='ltr'><strong>aduersus</strong></span> <span class='ocrx_word' id='word_1_54' title='bbox 1948 1402 2273 1466; x_wconf 85' lang='lat' dir='ltr'><strong>Samnites</strong></span> <span class='ocrx_word' id='word_1_55' title='bbox 2312 1402 2653 1486; x_wconf 84' lang='lat' dir='ltr'><strong>pugnauit.</strong></span> 
     </span>
     <span class='ocr_line' id='line_1_10' title="bbox 531 1503 2660 1586; baseline -0.001 -19"><span class='ocrx_word' id='word_1_56' title='bbox 531 1504 705 1567; x_wconf 91' lang='lat' dir='ltr'><strong>Nola</strong></span> <span class='ocrx_word' id='word_1_57' title='bbox 733 1504 986 1567; x_wconf 83' lang='lat' dir='ltr'><strong>colonia</strong></span> <span class='ocrx_word' id='word_1_58' title='bbox 1013 1504 1085 1566; x_wconf 90' lang='lat' dir='ltr'><strong>in</strong></span> <span class='ocrx_word' id='word_1_59' title='bbox 1113 1513 1496 1586; x_wconf 90' lang='lat' dir='ltr'><strong>potestatem</strong></span> <span class='ocrx_word' id='word_1_60' title='bbox 1544 1503 1934 1566; x_wconf 85' lang='lat' dir='ltr'><strong>Samnitium</strong></span> <span class='ocrx_word' id='word_1_61' title='bbox 1979 1504 2164 1567; x_wconf 90' lang='lat' dir='ltr'><strong>uenit</strong></span> <span class='ocrx_word' id='word_1_62' title='bbox 2208 1507 2284 1567; x_wconf 92' lang='lat' dir='ltr'><strong>L.</strong></span> <span class='ocrx_word' id='word_1_63' title='bbox 2324 1503 2660 1567; x_wconf 89' lang='lat' dir='ltr'><strong>Postumio</strong></span> 
     </span>
     <span class='ocr_line' id='line_1_11' title="bbox 533 1604 2763 1689; baseline -0 -22"><span class='ocrx_word' id='word_1_64' title='bbox 533 1616 820 1689; x_wconf 89' lang='lat' dir='ltr'><strong>praetore</strong></span> <span class='ocrx_word' id='word_1_65' title='bbox 837 1654 857 1682; x_wconf 91' lang='lat'>‚</span> <span class='ocrx_word' id='word_1_66' title='bbox 916 1606 1029 1688; x_wconf 90' lang='lat' dir='ltr'><strong>qui</strong></span> <span class='ocrx_word' id='word_1_67' title='bbox 1070 1607 1149 1668; x_wconf 90' lang='lat' dir='ltr'><strong>ab</strong></span> <span class='ocrx_word' id='word_1_68' title='bbox 1182 1606 1272 1668; x_wconf 90' lang='lat' dir='ltr'><strong>eis</strong></span> <span class='ocrx_word' id='word_1_69' title='bbox 1316 1604 1692 1668; x_wconf 88' lang='lat' dir='ltr'><strong>interfectus</strong></span> <span class='ocrx_word' id='word_1_70' title='bbox 1734 1615 1852 1667; x_wconf 89' lang='lat' dir='ltr'><strong>est.</strong></span> <span class='ocrx_word' id='word_1_71' title='bbox 1914 1605 2272 1688; x_wconf 87' lang='lat' dir='ltr'><strong>complures</strong></span> <span class='ocrx_word' id='word_1_72' title='bbox 2314 1605 2539 1688; x_wconf 91' lang='lat' dir='ltr'><strong>populi</strong></span> <span class='ocrx_word' id='word_1_73' title='bbox 2580 1606 2663 1668; x_wconf 86' lang='lat' dir='ltr'><strong>ad</strong></span> <span class='ocrx_word' id='word_1_74' title='bbox 2698 1618 2763 1666; x_wconf 85' lang='lat'><strong>10</strong></span> 
     </span>
     <span class='ocr_line' id='line_1_12' title="bbox 533 1706 2663 1790; baseline 0 -22"><span class='ocrx_word' id='word_1_75' title='bbox 533 1707 750 1770; x_wconf 89' lang='lat' dir='ltr'><strong>hostes</strong></span> <span class='ocrx_word' id='word_1_76' title='bbox 793 1707 1183 1770; x_wconf 87' lang='lat' dir='ltr'><strong>defecerunt.</strong></span> <span class='ocrx_word' id='word_1_77' title='bbox 1247 1728 1398 1768; x_wconf 91' lang='lat' dir='ltr'><strong>cum</strong></span> <span class='ocrx_word' id='word_1_78' title='bbox 1450 1707 1529 1768; x_wconf 93' lang='lat' dir='ltr'><strong>P.</strong></span> <span class='ocrx_word' id='word_1_79' title='bbox 1577 1706 1869 1769; x_wconf 88' lang='lat' dir='ltr'><strong>Rutilius</strong></span> <span class='ocrx_word' id='word_1_80' title='bbox 1916 1728 2043 1769; x_wconf 94' lang='lat' dir='ltr'><strong>cos.</strong></span> <span class='ocrx_word' id='word_1_81' title='bbox 2092 1728 2322 1788; x_wconf 90' lang='lat' dir='ltr'><strong>parum</strong></span> <span class='ocrx_word' id='word_1_82' title='bbox 2364 1729 2663 1790; x_wconf 83' lang='lat' dir='ltr'><strong>prospere</strong></span> 
     </span>
     <span class='ocr_line' id='line_1_13' title="bbox 535 1805 2655 1891; baseline 0 -22"><span class='ocrx_word' id='word_1_83' title='bbox 535 1805 842 1869; x_wconf 80' lang='lat' dir='ltr'><strong>aduersus</strong></span> <span class='ocrx_word' id='word_1_84' title='bbox 874 1809 1122 1871; x_wconf 89' lang='lat' dir='ltr'><strong>Marsos</strong></span> <span class='ocrx_word' id='word_1_85' title='bbox 1152 1817 1502 1890; x_wconf 86' lang='lat' dir='ltr'><strong>pugnasset</strong></span> <span class='ocrx_word' id='word_1_86' title='bbox 1534 1818 1600 1870; x_wconf 92' lang='lat' dir='ltr'><strong>et</strong></span> <span class='ocrx_word' id='word_1_87' title='bbox 1644 1808 1715 1870; x_wconf 92' lang='lat' dir='ltr'><strong>in</strong></span> <span class='ocrx_word' id='word_1_88' title='bbox 1756 1830 1829 1871; x_wconf 94' lang='lat' dir='ltr'><strong>eo</strong></span> <span class='ocrx_word' id='word_1_89' title='bbox 1874 1807 2117 1891; x_wconf 93' lang='lat' dir='ltr'><strong>proelio</strong></span> <span class='ocrx_word' id='word_1_90' title='bbox 2164 1807 2531 1884; x_wconf 82' lang='lat' dir='ltr'><strong>cecidisset,</strong></span> <span class='ocrx_word' id='word_1_91' title='bbox 2578 1809 2655 1870; x_wconf 81' lang='lat' dir='ltr'><strong>C.</strong></span> 
     </span>
     <span class='ocr_line' id='line_1_14' title="bbox 535 1908 2661 1992; baseline 0 -21"><span class='ocrx_word' id='word_1_92' title='bbox 535 1909 783 1971; x_wconf 89' lang='lat' dir='ltr'><strong>Marius</strong></span> <span class='ocrx_word' id='word_1_93' title='bbox 814 1910 1062 1992; x_wconf 86' lang='lat' dir='ltr'><strong>legatus</strong></span> <span class='ocrx_word' id='word_1_94' title='bbox 1094 1909 1230 1972; x_wconf 91' lang='lat' dir='ltr'><strong>eius</strong></span> <span class='ocrx_word' id='word_1_95' title='bbox 1259 1908 1520 1972; x_wconf 91' lang='lat' dir='ltr'><strong>meliore</strong></span> <span class='ocrx_word' id='word_1_96' title='bbox 1552 1919 1793 1972; x_wconf 91' lang='lat' dir='ltr'><strong>euentu</strong></span> <span class='ocrx_word' id='word_1_97' title='bbox 1823 1931 1973 1972; x_wconf 91' lang='lat' dir='ltr'><strong>cum</strong></span> <span class='ocrx_word' id='word_1_98' title='bbox 2010 1908 2303 1972; x_wconf 91' lang='lat' dir='ltr'><strong>hostibus</strong></span> <span class='ocrx_word' id='word_1_99' title='bbox 2347 1909 2481 1972; x_wconf 83' lang='lat' dir='ltr'><strong>acie</strong></span> <span class='ocrx_word' id='word_1_100' title='bbox 2511 1931 2661 1971; x_wconf 89' lang='lat' dir='ltr'><strong>con-</strong></span> 
     </span>
    </p>
   </div>
   <div class='ocr_carea' id='block_1_5' title="bbox 423 2005 2660 2093">
    <p class='ocr_par' dir='ltr' id='par_1_5' title="bbox 423 2005 2660 2093">
     <span class='ocr_line' id='line_1_15' title="bbox 423 2005 2660 2093; baseline 0.001 -23"><span class='ocrx_word' id='word_1_101' title='bbox 423 2005 432 2014; x_wconf 78' lang='grc'><em>’</em></span> <span class='ocrx_word' id='word_1_102' title='bbox 535 2008 742 2071; x_wconf 63' lang='lat' dir='ltr'><strong>flixit:</strong></span> <span class='ocrx_word' id='word_1_103' title='bbox 791 2009 1056 2073; x_wconf 91' lang='lat' dir='ltr'><strong>Seruius</strong></span> <span class='ocrx_word' id='word_1_104' title='bbox 1103 2010 1430 2093; x_wconf 86' lang='lat' dir='ltr'><strong>Sulpicius</strong></span> <span class='ocrx_word' id='word_1_105' title='bbox 1477 2010 1823 2092; x_wconf 86' lang='lat' dir='ltr'><strong>Paelignos</strong></span> <span class='ocrx_word' id='word_1_106' title='bbox 1854 2009 2095 2093; x_wconf 92' lang='lat' dir='ltr'><strong>proelio</strong></span> <span class='ocrx_word' id='word_1_107' title='bbox 2124 2009 2316 2073; x_wconf 90' lang='lat' dir='ltr'><strong>fudit.</strong></span> <span class='ocrx_word' id='word_1_108' title='bbox 2384 2011 2466 2077; x_wconf 83' lang='lat' dir='ltr'><strong>Q.</strong></span> <span class='ocrx_word' id='word_1_109' title='bbox 2503 2011 2660 2073; x_wconf 87' lang='lat' dir='ltr'><strong>Cae-</strong></span> 
     </span>
    </p>
   </div>
   <div class='ocr_carea' id='block_1_6' title="bbox 532 2111 2765 3093">
    <p class='ocr_par' dir='ltr' id='par_1_6' title="bbox 532 2111 2765 3093">
     <span class='ocr_line' id='line_1_16' title="bbox 533 2111 2761 2195; baseline 0 -22"><span class='ocrx_word' id='word_1_110' title='bbox 533 2111 642 2194; x_wconf 93' lang='lat' dir='ltr'><strong>pio</strong></span> <span class='ocrx_word' id='word_1_111' title='bbox 681 2112 934 2194; x_wconf 87' lang='lat' dir='ltr'><strong>legatus</strong></span> <span class='ocrx_word' id='word_1_112' title='bbox 979 2112 1195 2174; x_wconf 85' lang='lat' dir='ltr'><strong>Rutili</strong></span> <span class='ocrx_word' id='word_1_113' title='bbox 1241 2135 1391 2175; x_wconf 91' lang='lat' dir='ltr'><strong>cum</strong></span> <span class='ocrx_word' id='word_1_114' title='bbox 1442 2113 1737 2176; x_wconf 89' lang='lat' dir='ltr'><strong>obsessus</strong></span> <span class='ocrx_word' id='word_1_115' title='bbox 1786 2134 2083 2195; x_wconf 89' lang='lat' dir='ltr'><strong>prospere</strong></span> <span class='ocrx_word' id='word_1_116' title='bbox 2123 2111 2195 2173; x_wconf 89' lang='lat' dir='ltr'><strong>in</strong></span> <span class='ocrx_word' id='word_1_117' title='bbox 2239 2113 2455 2175; x_wconf 88' lang='lat' dir='ltr'><strong>hostes</strong></span> <span class='ocrx_word' id='word_1_118' title='bbox 2484 2111 2661 2174; x_wconf 89' lang='lat' dir='ltr'><strong>inru-</strong></span> <span class='ocrx_word' id='word_1_119' title='bbox 2696 2123 2761 2174; x_wconf 82' lang='lat'><strong>15</strong></span> 
     </span>
     <span class='ocr_line' id='line_1_17' title="bbox 532 2193 2662 2298; baseline 0 -23"><span class='ocrx_word' id='word_1_120' title='bbox 532 2213 770 2297; x_wconf 91' lang='lat' dir='ltr'><strong>pisset,</strong></span> <span class='ocrx_word' id='word_1_121' title='bbox 820 2222 885 2275; x_wconf 90' lang='lat' dir='ltr'><strong>et</strong></span> <span class='ocrx_word' id='word_1_122' title='bbox 929 2214 1009 2276; x_wconf 90' lang='lat' dir='ltr'><strong>ob</strong></span> <span class='ocrx_word' id='word_1_123' title='bbox 1056 2197 1205 2277; x_wconf 85' lang='lat' dir='ltr'><strong>eum</strong></span> <span class='ocrx_word' id='word_1_124' title='bbox 1247 2236 1614 2278; x_wconf 87' lang='lat' dir='ltr'><strong>successum</strong></span> <span class='ocrx_word' id='word_1_125' title='bbox 1659 2193 2005 2298; x_wconf 76' lang='lat' dir='ltr'><strong>aequatum</strong></span> <span class='ocrx_word' id='word_1_126' title='bbox 2047 2213 2107 2276; x_wconf 92' lang='lat' dir='ltr'><strong>ei</strong></span> <span class='ocrx_word' id='word_1_127' title='bbox 2152 2235 2300 2276; x_wconf 92' lang='lat' dir='ltr'><strong>cum</strong></span> <span class='ocrx_word' id='word_1_128' title='bbox 2340 2214 2416 2276; x_wconf 87' lang='lat' dir='ltr'><strong>C.</strong></span> <span class='ocrx_word' id='word_1_129' title='bbox 2454 2213 2662 2276; x_wconf 86' lang='lat' dir='ltr'><strong>Mario</strong></span> 
     </span>
     <span class='ocr_line' id='line_1_18' title="bbox 536 2314 2661 2399; baseline 0 -21"><span class='ocrx_word' id='word_1_130' title='bbox 536 2325 703 2378; x_wconf 90' lang='lat' dir='ltr'><strong>esset</strong></span> <span class='ocrx_word' id='word_1_131' title='bbox 731 2315 1106 2399; x_wconf 91' lang='lat' dir='ltr'><strong>imperium,</strong></span> <span class='ocrx_word' id='word_1_132' title='bbox 1155 2316 1529 2380; x_wconf 87' lang='lat' dir='ltr'><strong>temerarius</strong></span> <span class='ocrx_word' id='word_1_133' title='bbox 1566 2317 1775 2380; x_wconf 88' lang='lat' dir='ltr'><strong>factus</strong></span> <span class='ocrx_word' id='word_1_134' title='bbox 1806 2327 1870 2379; x_wconf 90' lang='lat' dir='ltr'><strong>et</strong></span> <span class='ocrx_word' id='word_1_135' title='bbox 1900 2317 2379 2379; x_wconf 90' lang='lat' dir='ltr'><strong>circumuentus</strong></span> <span class='ocrx_word' id='word_1_136' title='bbox 2410 2314 2661 2378; x_wconf 90' lang='lat' dir='ltr'><strong>insidiis</strong></span> 
     </span>
     <span class='ocr_line' id='line_1_19' title="bbox 535 2416 2660 2484; baseline -0.001 -3"><span class='ocrx_word' id='word_1_137' title='bbox 535 2418 680 2483; x_wconf 91' lang='lat' dir='ltr'><strong>fuso</strong></span> <span class='ocrx_word' id='word_1_138' title='bbox 705 2419 997 2482; x_wconf 82' lang='lat' dir='ltr'><strong>&#39;exercitu</strong></span> <span class='ocrx_word' id='word_1_139' title='bbox 1026 2420 1278 2483; x_wconf 88' lang='lat' dir='ltr'><strong>cecidit.</strong></span> <span class='ocrx_word' id='word_1_140' title='bbox 1344 2422 1421 2483; x_wconf 91' lang='lat' dir='ltr'><strong>L.</strong></span> <span class='ocrx_word' id='word_1_141' title='bbox 1460 2420 1673 2484; x_wconf 90' lang='lat' dir='ltr'><strong>Iulius</strong></span> <span class='ocrx_word' id='word_1_142' title='bbox 1705 2421 1941 2483; x_wconf 86' lang='lat' dir='ltr'><strong>Caesar</strong></span> <span class='ocrx_word' id='word_1_143' title='bbox 1970 2440 2097 2481; x_wconf 79' lang='lat' dir='ltr'><strong>cOS.</strong></span> <span class='ocrx_word' id='word_1_144' title='bbox 2134 2416 2407 2481; x_wconf 89' lang='lat' dir='ltr'><strong>feliciter</strong></span> <span class='ocrx_word' id='word_1_145' title='bbox 2436 2418 2660 2481; x_wconf 88' lang='lat' dir='ltr'><strong>aduer-</strong></span> 
     </span>
     <span class='ocr_line' id='line_1_20' title="bbox 536 2520 2663 2604; baseline -0.002 -20"><span class='ocrx_word' id='word_1_146' title='bbox 536 2542 644 2584; x_wconf 91' lang='lat' dir='ltr'><strong>sus</strong></span> <span class='ocrx_word' id='word_1_147' title='bbox 675 2521 999 2584; x_wconf 90' lang='lat' dir='ltr'><strong>Samnites</strong></span> <span class='ocrx_word' id='word_1_148' title='bbox 1032 2522 1373 2604; x_wconf 90' lang='lat' dir='ltr'><strong>pugnauit.</strong></span> <span class='ocrx_word' id='word_1_149' title='bbox 1438 2523 1518 2585; x_wconf 95' lang='lat' dir='ltr'><strong>ob</strong></span> <span class='ocrx_word' id='word_1_150' title='bbox 1550 2542 1692 2583; x_wconf 86' lang='lat' dir='ltr'><strong>eam</strong></span> <span class='ocrx_word' id='word_1_151' title='bbox 1720 2520 2060 2584; x_wconf 87' lang='lat' dir='ltr'><strong>uictoriam</strong></span> <span class='ocrx_word' id='word_1_152' title='bbox 2089 2522 2338 2582; x_wconf 90' lang='lat' dir='ltr'><strong>Romae</strong></span> <span class='ocrx_word' id='word_1_153' title='bbox 2369 2540 2523 2602; x_wconf 86' lang='lat' dir='ltr'><strong>saga</strong></span> <span class='ocrx_word' id='word_1_154' title='bbox 2550 2541 2663 2601; x_wconf 91' lang='lat' dir='ltr'><strong>po-</strong></span> 
     </span>
     <span class='ocr_line' id='line_1_21' title="bbox 536 2621 2765 2686; baseline -0.002 -1"><span class='ocrx_word' id='word_1_155' title='bbox 536 2622 662 2685; x_wconf 88' lang='lat' dir='ltr'><strong>sita</strong></span> <span class='ocrx_word' id='word_1_156' title='bbox 690 2633 866 2686; x_wconf 92' lang='lat' dir='ltr'><strong>sunt.</strong></span> <span class='ocrx_word' id='word_1_157' title='bbox 933 2634 997 2686; x_wconf 92' lang='lat' dir='ltr'><strong>et</strong></span> <span class='ocrx_word' id='word_1_158' title='bbox 1027 2634 1101 2685; x_wconf 90' lang='lat' dir='ltr'><strong>ut</strong></span> <span class='ocrx_word' id='word_1_159' title='bbox 1130 2623 1311 2685; x_wconf 86' lang='lat' dir='ltr'><strong>uaria</strong></span> <span class='ocrx_word' id='word_1_160' title='bbox 1351 2622 1509 2686; x_wconf 87' lang='lat' dir='ltr'><strong>belli</strong></span> <span class='ocrx_word' id='word_1_161' title='bbox 1551 2621 1810 2685; x_wconf 86' lang='lat' dir='ltr'><strong>fortuna</strong></span> <span class='ocrx_word' id='word_1_162' title='bbox 1853 2633 2021 2685; x_wconf 90' lang='lat' dir='ltr'><strong>esset</strong></span> <span class='ocrx_word' id='word_1_163' title='bbox 2064 2621 2375 2685; x_wconf 90' lang='lat' dir='ltr'><strong>Aesernia</strong></span> <span class='ocrx_word' id='word_1_164' title='bbox 2414 2621 2668 2685; x_wconf 86' lang='lat' dir='ltr'><strong>colonia</strong></span> <span class='ocrx_word' id='word_1_165' title='bbox 2696 2631 2765 2682; x_wconf 86' lang='grc' dir='ltr'><strong>2ο</strong></span> 
     </span>
     <span class='ocr_line' id='line_1_22' title="bbox 536 2723 2667 2807; baseline -0.001 -20"><span class='ocrx_word' id='word_1_166' title='bbox 536 2746 686 2787; x_wconf 89' lang='lat' dir='ltr'><strong>cum</strong></span> <span class='ocrx_word' id='word_1_167' title='bbox 717 2726 812 2787; x_wconf 90' lang='lat' dir='ltr'><strong>M.</strong></span> <span class='ocrx_word' id='word_1_168' title='bbox 850 2724 1158 2787; x_wconf 88' lang='lat' dir='ltr'><strong>Marcello</strong></span> <span class='ocrx_word' id='word_1_169' title='bbox 1200 2724 1269 2786; x_wconf 92' lang='lat' dir='ltr'><strong>in</strong></span> <span class='ocrx_word' id='word_1_170' title='bbox 1313 2733 1702 2807; x_wconf 88' lang='lat' dir='ltr'><strong>potestatem</strong></span> <span class='ocrx_word' id='word_1_171' title='bbox 1746 2723 2141 2787; x_wconf 89' lang='lat' dir='ltr'><strong>Samnitium</strong></span> <span class='ocrx_word' id='word_1_172' title='bbox 2180 2723 2399 2799; x_wconf 89' lang='lat' dir='ltr'><strong>uenit,</strong></span> <span class='ocrx_word' id='word_1_173' title='bbox 2448 2724 2559 2785; x_wconf 91' lang='lat' dir='ltr'><strong>sed</strong></span> <span class='ocrx_word' id='word_1_174' title='bbox 2601 2730 2667 2783; x_wconf 92' lang='lat' dir='ltr'><strong>et</strong></span> 
     </span>
     <span class='ocr_line' id='line_1_23' title="bbox 537 2812 2660 2908; baseline -0.002 -19"><span class='ocrx_word' id='word_1_175' title='bbox 537 2827 612 2889; x_wconf 85' lang='lat' dir='ltr'><strong>C.</strong></span> <span class='ocrx_word' id='word_1_176' title='bbox 652 2826 899 2889; x_wconf 90' lang='lat' dir='ltr'><strong>Marius</strong></span> <span class='ocrx_word' id='word_1_177' title='bbox 926 2812 1172 2907; x_wconf 25' lang='lat' dir='ltr'><strong>&#39;proelio</strong></span> <span class='ocrx_word' id='word_1_178' title='bbox 1200 2828 1447 2889; x_wconf 87' lang='lat' dir='ltr'><strong>Marsos</strong></span> <span class='ocrx_word' id='word_1_179' title='bbox 1476 2825 1670 2901; x_wconf 87' lang='lat' dir='ltr'><strong>fudit,</strong></span> <span class='ocrx_word' id='word_1_180' title='bbox 1704 2825 1909 2888; x_wconf 88' lang='lat' dir='ltr'><strong>Herio</strong></span> <span class='ocrx_word' id='word_1_181' title='bbox 1934 2825 2161 2888; x_wconf 89' lang='lat' dir='ltr'><strong>Asinio</strong></span> <span class='ocrx_word' id='word_1_182' title='bbox 2184 2833 2471 2908; x_wconf 87' lang='lat' dir='ltr'><strong>praetore</strong></span> <span class='ocrx_word' id='word_1_183' title='bbox 2487 2824 2660 2885; x_wconf 89' lang='lat' dir='ltr'><strong>Mar-</strong></span> 
     </span>
     <span class='ocr_line' id='line_1_24' title="bbox 536 2924 2661 3009; baseline -0.003 -19"><span class='ocrx_word' id='word_1_184' title='bbox 536 2927 908 2991; x_wconf 87' lang='lat' dir='ltr'><strong>rucinorum</strong></span> <span class='ocrx_word' id='word_1_185' title='bbox 939 2926 1169 2990; x_wconf 83' lang='lat' dir='ltr'><strong>occiSO.</strong></span> <span class='ocrx_word' id='word_1_186' title='bbox 1207 2928 1283 2991; x_wconf 76' lang='lat' dir='ltr'><strong>C.</strong></span> <span class='ocrx_word' id='word_1_187' title='bbox 1322 2927 1643 2991; x_wconf 88' lang='lat' dir='ltr'><strong>Caecilius</strong></span> <span class='ocrx_word' id='word_1_188' title='bbox 1667 2926 1739 2989; x_wconf 91' lang='lat' dir='ltr'><strong>in</strong></span> <span class='ocrx_word' id='word_1_189' title='bbox 1770 2926 1990 2991; x_wconf 86' lang='lat' dir='ltr'><strong>Gana</strong></span> <span class='ocrx_word' id='word_1_190' title='bbox 2020 2926 2418 3009; x_wconf 86' lang='lat' dir='ltr'><strong>transalpina</strong></span> <span class='ocrx_word' id='word_1_191' title='bbox 2450 2924 2661 2989; x_wconf 86' lang='lat' dir='ltr'><strong>Sallu-</strong></span> 
     </span>
     <span class='ocr_line' id='line_1_25' title="bbox 535 3028 1406 3093; baseline -0.001 -2"><span class='ocrx_word' id='word_1_192' title='bbox 535 3028 676 3093; x_wconf 88' lang='lat' dir='ltr'><strong>uios</strong></span> <span class='ocrx_word' id='word_1_193' title='bbox 706 3029 1086 3093; x_wconf 86' lang='lat' dir='ltr'><strong>rebellantes</strong></span> <span class='ocrx_word' id='word_1_194' title='bbox 1116 3028 1297 3092; x_wconf 90' lang='lat' dir='ltr'><strong>uicit.</strong></span> <span class='ocrx_word' id='word_1_195' title='bbox 1400 3070 1406 3076; x_wconf 89' lang='lat'><strong>·</strong></span> 
     </span>
    </p>
   </div>
   <div class='ocr_carea' id='block_1_7' title="bbox 449 3332 2667 3953">
    <p class='ocr_par' dir='ltr' id='par_1_7' title="bbox 449 3332 2667 3953">
     <span class='ocr_line' id='line_1_26' title="bbox 449 3332 2664 3411; baseline -0 -20"><span class='ocrx_word' id='word_1_196' title='bbox 449 3332 462 3345; x_wconf 77' lang='grc'><strong>”</strong></span> <span class='ocrx_word' id='word_1_197' title='bbox 542 3343 564 3391; x_wconf 92' lang='grc'>1</span> <span class='ocrx_word' id='word_1_198' title='bbox 595 3338 847 3392; x_wconf 86' lang='lat' dir='ltr'><strong>seruilius</strong></span> <span class='ocrx_word' id='word_1_199' title='bbox 886 3357 952 3403; x_wconf 72' lang='grc' dir='ltr'><strong>ςν</strong></span> <span class='ocrx_word' id='word_1_200' title='bbox 976 3340 995 3411; x_wconf 70' lang='lat' dir='ltr'>fl</span> <span class='ocrx_word' id='word_1_201' title='bbox 1022 3344 1052 3393; x_wconf 92' lang='lat'>2</span> <span class='ocrx_word' id='word_1_202' title='bbox 1079 3358 1109 3393; x_wconf 92' lang='lat' dir='ltr'><strong>e</strong></span> <span class='ocrx_word' id='word_1_203' title='bbox 1143 3340 1358 3393; x_wconf 74' lang='lat' dir='ltr'><strong>addidi.-</strong></span> <span class='ocrx_word' id='word_1_204' title='bbox 1398 3358 1483 3393; x_wconf 89' lang='lat' dir='ltr'><strong>om</strong></span> <span class='ocrx_word' id='word_1_205' title='bbox 1519 3340 1678 3408; x_wconf 77' lang='grc' dir='ltr'>ΝςνΙΙ</span> <span class='ocrx_word' id='word_1_206' title='bbox 1717 3344 1747 3393; x_wconf 88' lang='grc'><strong><em>3</em></strong></span> <span class='ocrx_word' id='word_1_207' title='bbox 1786 3346 2069 3411; x_wconf 80' lang='lat' dir='ltr'><strong>exemptus</strong></span> <span class='ocrx_word' id='word_1_208' title='bbox 2112 3356 2177 3403; x_wconf 82' lang='grc' dir='ltr'><strong>ςν</strong></span> <span class='ocrx_word' id='word_1_209' title='bbox 2216 3339 2233 3409; x_wconf 82' lang='grc' dir='ltr'><strong>ΙΙ</strong></span> <span class='ocrx_word' id='word_1_210' title='bbox 2270 3342 2302 3391; x_wconf 82' lang='grc'>4</span> <span class='ocrx_word' id='word_1_211' title='bbox 2338 3338 2556 3393; x_wconf 86' lang='lat' dir='ltr'><strong>demum</strong></span> <span class='ocrx_word' id='word_1_212' title='bbox 2588 3355 2620 3390; x_wconf 82' lang='lat' dir='ltr'><strong>r</strong></span> <span class='ocrx_word' id='word_1_213' title='bbox 2644 3340 2664 3408; x_wconf 82' lang='grc' dir='ltr'><strong>ΙΙ</strong></span> 
     </span>
     <span class='ocr_line' id='line_1_27' title="bbox 535 3417 2667 3489; baseline -0.001 -18"><span class='ocrx_word' id='word_1_214' title='bbox 535 3423 988 3487; x_wconf 82' lang='lat' dir='ltr'><strong>externarumque</strong></span> <span class='ocrx_word' id='word_1_215' title='bbox 1015 3436 1080 3480; x_wconf 80' lang='grc' dir='ltr'><strong>ςν</strong></span> <span class='ocrx_word' id='word_1_216' title='bbox 1105 3418 1124 3487; x_wconf 80' lang='lat' dir='ltr'>ss</span> <span class='ocrx_word' id='word_1_217' title='bbox 1151 3422 1182 3470; x_wconf 89' lang='grc'><strong>6</strong></span> <span class='ocrx_word' id='word_1_218' title='bbox 1208 3418 1535 3488; x_wconf 89' lang='lat' dir='ltr'><strong>urbiumque</strong></span> <span class='ocrx_word' id='word_1_219' title='bbox 1560 3418 1993 3489; x_wconf 86' lang='lat' dir='ltr'><strong>expugnationes</strong></span> <span class='ocrx_word' id='word_1_220' title='bbox 2030 3437 2061 3471; x_wconf 88' lang='lat' dir='ltr'><strong>r</strong></span> <span class='ocrx_word' id='word_1_221' title='bbox 2086 3420 2103 3489; x_wconf 77' lang='lat' dir='ltr'>ss</span> <span class='ocrx_word' id='word_1_222' title='bbox 2132 3420 2162 3471; x_wconf 89' lang='lat'>8</span> <span class='ocrx_word' id='word_1_223' title='bbox 2189 3435 2236 3469; x_wconf 89' lang='lat' dir='ltr'><strong>c.</strong></span> <span class='ocrx_word' id='word_1_224' title='bbox 2281 3417 2446 3470; x_wconf 86' lang='lat' dir='ltr'><strong>iulius</strong></span> <span class='ocrx_word' id='word_1_225' title='bbox 2483 3434 2667 3469; x_wconf 88' lang='lat' dir='ltr'><strong>caesar</strong></span> 
     </span>
     <span class='ocr_line' id='line_1_28' title="bbox 531 3492 2664 3565; baseline -0.001 -19"><span class='ocrx_word' id='word_1_226' title='bbox 531 3512 625 3565; x_wconf 71' lang='lat'><strong>93,</strong></span> <span class='ocrx_word' id='word_1_227' title='bbox 656 3512 703 3546; x_wconf 90' lang='lat' dir='ltr'><strong>c.</strong></span> <span class='ocrx_word' id='word_1_228' title='bbox 733 3511 912 3547; x_wconf 88' lang='lat' dir='ltr'><strong>caesar</strong></span> <span class='ocrx_word' id='word_1_229' title='bbox 939 3514 1004 3557; x_wconf 80' lang='grc' dir='ltr'><strong>ςν</strong></span> <span class='ocrx_word' id='word_1_230' title='bbox 1029 3496 1047 3564; x_wconf 82' lang='grc' dir='ltr'><strong>ΙΙ</strong></span> <span class='ocrx_word' id='word_1_231' title='bbox 1075 3499 1105 3547; x_wconf 86' lang='grc'><strong>9</strong></span> <span class='ocrx_word' id='word_1_232' title='bbox 1147 3495 1300 3548; x_wconf 91' lang='lat' dir='ltr'><strong>uenit</strong></span> <span class='ocrx_word' id='word_1_233' title='bbox 1325 3500 1453 3564; x_wconf 77' lang='lat' dir='ltr'><strong>post</strong></span> <span class='ocrx_word' id='word_1_234' title='bbox 1492 3502 1739 3564; x_wconf 89' lang='lat' dir='ltr'><strong>praetore</strong></span> <span class='ocrx_word' id='word_1_235' title='bbox 1775 3511 1807 3545; x_wconf 85' lang='lat' dir='ltr'><strong>r</strong></span> <span class='ocrx_word' id='word_1_236' title='bbox 1832 3495 1849 3564; x_wconf 81' lang='grc' dir='ltr'><strong>ΙΙ</strong></span> <span class='ocrx_word' id='word_1_237' title='bbox 1877 3513 2001 3547; x_wconf 90' lang='lat' dir='ltr'><strong>cum</strong></span> <span class='ocrx_word' id='word_1_238' title='bbox 2036 3494 2075 3547; x_wconf 91' lang='grc'><strong>1.</strong></span> <span class='ocrx_word' id='word_1_239' title='bbox 2122 3494 2396 3564; x_wconf 85' lang='lat' dir='ltr'><strong>postumio</strong></span> <span class='ocrx_word' id='word_1_240' title='bbox 2435 3510 2501 3554; x_wconf 78' lang='grc' dir='ltr'><strong>ςν</strong></span> <span class='ocrx_word' id='word_1_241' title='bbox 2541 3492 2559 3561; x_wconf 75' lang='grc' dir='ltr'><strong>ΙΙ</strong></span> <span class='ocrx_word' id='word_1_242' title='bbox 2602 3496 2664 3544; x_wconf 89' lang='grc'><strong>10</strong></span> 
     </span>
     <span class='ocr_line' id='line_1_29' title="bbox 531 3568 2662 3645; baseline -0.002 -20"><span class='ocrx_word' id='word_1_243' title='bbox 531 3572 603 3631; x_wconf 79' lang='lat' dir='ltr'><strong>ab</strong></span> <span class='ocrx_word' id='word_1_244' title='bbox 629 3572 694 3625; x_wconf 86' lang='lat' dir='ltr'><strong>iis</strong></span> <span class='ocrx_word' id='word_1_245' title='bbox 719 3590 804 3624; x_wconf 83' lang='lat' dir='ltr'><strong>om</strong></span> <span class='ocrx_word' id='word_1_246' title='bbox 827 3589 859 3625; x_wconf 85' lang='lat' dir='ltr'><strong>r</strong></span> <span class='ocrx_word' id='word_1_247' title='bbox 883 3572 903 3643; x_wconf 79' lang='lat' dir='ltr'>ss</span> <span class='ocrx_word' id='word_1_248' title='bbox 928 3572 1286 3645; x_wconf 86' lang='lat' dir='ltr'><strong>interemptus</strong></span> <span class='ocrx_word' id='word_1_249' title='bbox 1310 3592 1340 3625; x_wconf 86' lang='lat' dir='ltr'><strong>r</strong></span> <span class='ocrx_word' id='word_1_250' title='bbox 1366 3574 1383 3642; x_wconf 87' lang='grc' dir='ltr'><strong>ΙΙ</strong></span> <span class='ocrx_word' id='word_1_251' title='bbox 1415 3576 1476 3625; x_wconf 90' lang='grc'><strong>12</strong></span> <span class='ocrx_word' id='word_1_252' title='bbox 1502 3578 1692 3626; x_wconf 87' lang='lat' dir='ltr'><strong>contra</strong></span> <span class='ocrx_word' id='word_1_253' title='bbox 1716 3589 1747 3624; x_wconf 84' lang='lat' dir='ltr'><strong>r</strong></span> <span class='ocrx_word' id='word_1_254' title='bbox 1772 3573 1790 3643; x_wconf 76' lang='lat' dir='ltr'><strong>ll</strong></span> <span class='ocrx_word' id='word_1_255' title='bbox 1818 3589 1881 3625; x_wconf 93' lang='lat' dir='ltr'><strong>eo</strong></span> <span class='ocrx_word' id='word_1_256' title='bbox 1907 3591 1991 3624; x_wconf 88' lang='lat' dir='ltr'><strong>om</strong></span> <span class='ocrx_word' id='word_1_257' title='bbox 2020 3590 2086 3635; x_wconf 77' lang='grc' dir='ltr'><strong>ςν</strong></span> <span class='ocrx_word' id='word_1_258' title='bbox 2122 3572 2140 3641; x_wconf 84' lang='grc' dir='ltr'><strong>ΙΙ</strong></span> <span class='ocrx_word' id='word_1_259' title='bbox 2185 3575 2246 3624; x_wconf 88' lang='grc'><strong>13</strong></span> <span class='ocrx_word' id='word_1_260' title='bbox 2286 3570 2507 3623; x_wconf 87' lang='lat' dir='ltr'><strong>meliore</strong></span> <span class='ocrx_word' id='word_1_261' title='bbox 2543 3568 2662 3638; x_wconf 91' lang='lat' dir='ltr'><strong>qui-</strong></span> 
     </span>
     <span class='ocr_line' id='line_1_30' title="bbox 534 3647 2663 3720; baseline -0.003 -15"><span class='ocrx_word' id='word_1_262' title='bbox 534 3652 660 3709; x_wconf 80' lang='lat' dir='ltr'><strong>dem</strong></span> <span class='ocrx_word' id='word_1_263' title='bbox 684 3667 716 3701; x_wconf 85' lang='lat' dir='ltr'><strong>r</strong></span> <span class='ocrx_word' id='word_1_264' title='bbox 741 3650 757 3719; x_wconf 80' lang='grc' dir='ltr'><strong>ΙΙ</strong></span> <span class='ocrx_word' id='word_1_265' title='bbox 785 3649 899 3703; x_wconf 88' lang='lat' dir='ltr'><strong>acie</strong></span> <span class='ocrx_word' id='word_1_266' title='bbox 925 3668 1008 3703; x_wconf 85' lang='lat' dir='ltr'><strong>om</strong></span> <span class='ocrx_word' id='word_1_267' title='bbox 1035 3668 1101 3712; x_wconf 77' lang='grc' dir='ltr'><strong>ςν</strong></span> <span class='ocrx_word' id='word_1_268' title='bbox 1127 3651 1144 3720; x_wconf 83' lang='lat' dir='ltr'>ss</span> <span class='ocrx_word' id='word_1_269' title='bbox 1176 3654 1236 3703; x_wconf 91' lang='lat'><strong>14</strong></span> <span class='ocrx_word' id='word_1_270' title='bbox 1265 3651 1486 3706; x_wconf 85' lang='lat' dir='ltr'><strong>Seruius</strong></span> <span class='ocrx_word' id='word_1_271' title='bbox 1511 3652 1590 3703; x_wconf 82' lang='lat' dir='ltr'><em>M</em></span> <span class='ocrx_word' id='word_1_272' title='bbox 1585 3651 1864 3720; x_wconf 75' lang='lat' dir='ltr'><strong>oquntina:</strong></span> <span class='ocrx_word' id='word_1_273' title='bbox 1898 3670 2012 3705; x_wconf 88' lang='lat' dir='ltr'><strong>sex.</strong></span> <span class='ocrx_word' id='word_1_274' title='bbox 2049 3662 2165 3713; x_wconf 78' lang='grc' dir='ltr'><strong>Νςν</strong></span> <span class='ocrx_word' id='word_1_275' title='bbox 2190 3650 2208 3719; x_wconf 63' lang='lat' dir='ltr'><strong>l!</strong></span> <span class='ocrx_word' id='word_1_276' title='bbox 2235 3648 2441 3719; x_wconf 89' lang='lat' dir='ltr'><strong>proelio</strong></span> <span class='ocrx_word' id='word_1_277' title='bbox 2478 3665 2562 3699; x_wconf 89' lang='lat' dir='ltr'><strong>om</strong></span> <span class='ocrx_word' id='word_1_278' title='bbox 2588 3665 2619 3699; x_wconf 88' lang='lat' dir='ltr'><strong>r</strong></span> <span class='ocrx_word' id='word_1_279' title='bbox 2644 3647 2663 3717; x_wconf 78' lang='lat' dir='ltr'>ss</span> 
     </span>
     <span class='ocr_line' id='line_1_31' title="bbox 535 3725 2667 3801; baseline -0.001 -20"><span class='ocrx_word' id='word_1_280' title='bbox 535 3747 590 3801; x_wconf 85' lang='lat' dir='ltr'><strong>g.</strong></span> <span class='ocrx_word' id='word_1_281' title='bbox 634 3728 860 3798; x_wconf 88' lang='lat' dir='ltr'><strong>caepilio</strong></span> <span class='ocrx_word' id='word_1_282' title='bbox 894 3740 974 3796; x_wconf 73' lang='lat' dir='ltr'><strong>Ny</strong></span> <span class='ocrx_word' id='word_1_283' title='bbox 1001 3728 1019 3799; x_wconf 77' lang='lat' dir='ltr'>fl</span> <span class='ocrx_word' id='word_1_284' title='bbox 1051 3731 1112 3781; x_wconf 89' lang='lat'><strong>18</strong></span> <span class='ocrx_word' id='word_1_285' title='bbox 1138 3728 1314 3783; x_wconf 88' lang='lat' dir='ltr'><strong>Iulius</strong></span> <span class='ocrx_word' id='word_1_286' title='bbox 1339 3747 1422 3781; x_wconf 88' lang='lat' dir='ltr'><strong>om</strong></span> <span class='ocrx_word' id='word_1_287' title='bbox 1447 3747 1478 3781; x_wconf 88' lang='lat' dir='ltr'><strong>r</strong></span> <span class='ocrx_word' id='word_1_288' title='bbox 1503 3728 1520 3797; x_wconf 83' lang='grc' dir='ltr'><strong>ΙΙ</strong></span> <span class='ocrx_word' id='word_1_289' title='bbox 1549 3735 1782 3783; x_wconf 86' lang='lat' dir='ltr'><strong>contrar</strong></span> <span class='ocrx_word' id='word_1_290' title='bbox 1806 3731 1824 3799; x_wconf 76' lang='grc' dir='ltr'><strong>ΙΙ</strong></span> <span class='ocrx_word' id='word_1_291' title='bbox 1852 3731 1917 3781; x_wconf 84' lang='lat'><strong>22</strong></span> <span class='ocrx_word' id='word_1_292' title='bbox 1937 3728 2110 3781; x_wconf 87' lang='lat' dir='ltr'><strong>Herio</strong></span> <span class='ocrx_word' id='word_1_293' title='bbox 2143 3726 2479 3780; x_wconf 75' lang='lat' dir='ltr'><strong>Gronouius:</strong></span> <span class='ocrx_word' id='word_1_294' title='bbox 2505 3725 2667 3778; x_wconf 90' lang='lat' dir='ltr'><strong>hirno</strong></span> 
     </span>
     <span class='ocr_line' id='line_1_32' title="bbox 532 3804 2663 3881; baseline -0.001 -24"><span class='ocrx_word' id='word_1_295' title='bbox 532 3818 633 3869; x_wconf 77' lang='grc' dir='ltr'><strong>Νς,</strong></span> <span class='ocrx_word' id='word_1_296' title='bbox 663 3804 843 3858; x_wconf 88' lang='lat' dir='ltr'><strong>hirnio</strong></span> <span class='ocrx_word' id='word_1_297' title='bbox 871 3823 937 3867; x_wconf 79' lang='grc' dir='ltr'><strong>ςν</strong></span> <span class='ocrx_word' id='word_1_298' title='bbox 962 3805 979 3875; x_wconf 77' lang='grc' dir='ltr'><strong>ΙΙ</strong></span> <span class='ocrx_word' id='word_1_299' title='bbox 1008 3808 1072 3857; x_wconf 87' lang='grc'><strong>23</strong></span> <span class='ocrx_word' id='word_1_300' title='bbox 1100 3805 1300 3860; x_wconf 88' lang='lat' dir='ltr'><strong>caelius</strong></span> <span class='ocrx_word' id='word_1_301' title='bbox 1323 3818 1407 3868; x_wconf 81' lang='grc' dir='ltr'><strong>Νς</strong></span> <span class='ocrx_word' id='word_1_302' title='bbox 1431 3806 1449 3875; x_wconf 72' lang='lat' dir='ltr'><strong>ll</strong></span> <span class='ocrx_word' id='word_1_303' title='bbox 1476 3805 1696 3877; x_wconf 88' lang='lat' dir='ltr'><strong>galliam</strong></span> <span class='ocrx_word' id='word_1_304' title='bbox 1731 3806 2116 3876; x_wconf 84' lang='lat' dir='ltr'><strong>transalpinam</strong></span> <span class='ocrx_word' id='word_1_305' title='bbox 2147 3817 2267 3875; x_wconf 70' lang='lat' dir='ltr'>ng</span> <span class='ocrx_word' id='word_1_306' title='bbox 2292 3806 2309 3876; x_wconf 86' lang='grc' dir='ltr'><strong>ΙΙ</strong></span> <span class='ocrx_word' id='word_1_307' title='bbox 2337 3804 2538 3881; x_wconf 79' lang='lat' dir='ltr'><strong>saluios</strong></span> <span class='ocrx_word' id='word_1_308' title='bbox 2562 3814 2663 3867; x_wconf 79' lang='grc' dir='ltr'><strong>Νς,</strong></span> 
     </span>
     <span class='ocr_line' id='line_1_33' title="bbox 538 3883 886 3953; baseline -0.003 -16"><span class='ocrx_word' id='word_1_309' title='bbox 538 3883 752 3937; x_wconf 83' lang='lat' dir='ltr'><strong>Saliuos</strong></span> <span class='ocrx_word' id='word_1_310' title='bbox 776 3901 808 3936; x_wconf 84' lang='lat' dir='ltr'><strong>r</strong></span> <span class='ocrx_word' id='word_1_311' title='bbox 833 3884 886 3953; x_wconf 76' lang='grc' dir='ltr'><strong>ΙΙ’“</strong></span> 
     </span>
    </p>
   </div>
  </div>
 </body>
</html>
