3052 4823
457 345 466 360 ¹
567 329 646 390 16
1439 323 1823 390 PERIOCHAF‘:

561 495 888 579 sequentis
921 495 1077 558 anni
1107 495 1400 558 consules
1443 494 1514 558 in
1560 505 1791 559 senatu
1832 495 2106 578 legendo
2151 495 2685 569 obseruauerunt,

564 621 757 683 quem
788 600 871 662 ad
899 599 1165 661 modum
1195 609 1344 660 ante
1373 597 1695 680 proximos
1740 617 2033 659 censores
2073 597 2304 658 fuerat.
2366 617 2466 660 res
2507 618 2688 680 prae-

565 711 735 763 terea
769 710 992 763 contra
1034 700 1282 782 Apulos
1315 700 1619 762 Etruscos
1652 709 1717 761 et
1746 699 2021 763 Vmbros
2054 708 2119 760 et
2148 699 2400 762 Marsos
2430 709 2497 761 et
2528 700 2689 763 Pae-

563 802 775 886 lignos
822 813 888 866 et
929 809 1188 884 Aequos
1235 812 1299 864 et
1341 800 1668 864 Samnites
1686 848 1706 875 ,
1770 799 2006 882 quibus
2051 800 2274 863 foedus
2319 799 2691 864 restitutum

564 917 660 970 est
678 954 698 982 ,
731 925 1030 988 prospere
1059 914 1273 987 gestas
1304 901 1615 965 continet.
1666 904 1789 966 Cn.
1827 901 2094 965 Flauius
2126 901 2354 978 scriba,
2388 901 2691 966 libertino
2722 915 2755 964 5
2852 893 2857 898 ’

563 1017 745 1090 patre
801 1017 993 1069 natus
1014 1053 1034 1081 ,
1097 1003 1321 1068 aedilis
1363 1003 1604 1067 curulis
1648 1003 1774 1086 fuit
1830 1026 1945 1087 per
1985 1005 2305 1068 forensem
2345 1004 2692 1068 factionem

564 1120 849 1186 creatus,
899 1129 1060 1191 quae
1091 1129 1242 1169 cum
1284 1094 1545 1170 comitia
1588 1117 1652 1168 et
1692 1127 1993 1190 campum
2033 1109 2317 1170 turbaret
2361 1099 2426 1169 et
2467 1105 2537 1169 in
2580 1106 2683 1169 his

564 1222 823 1294 propter
851 1210 1085 1272 nimias
1115 1209 1284 1272 uires
1332 1208 1805 1284 dominaretur,
1870 1232 1909 1272 a
1955 1211 2037 1276 Q.
2074 1209 2275 1272 Fabio
2320 1231 2579 1272 censore
2619 1208 2690 1271 in

565 1323 868 1396 quattuor
914 1312 1120 1375 tribus
1163 1313 1422 1374 redacta
1465 1320 1561 1373 est
1622 1333 1780 1393 quas
1828 1311 2102 1373 urbanas
2149 1311 2521 1394 appellauit.
2588 1333 2689 1374 ea-

565 1437 689 1499 que
721 1437 820 1478 res
852 1413 1052 1478 Fabio
1084 1412 1374 1476 Maximo
1403 1435 1641 1476 nomen
1684 1412 1883 1475 dedit.
1936 1411 2005 1474 in
2046 1412 2169 1476 hoc
2211 1413 2373 1477 libro
2417 1413 2690 1476 mentio·
2726 1426 2791 1475 10

565 1540 718 1581 nem
747 1518 943 1581 habet
971 1515 1327 1580 Alexandri
1345 1563 1365 1591 ,
1403 1514 1515 1598 qui
1548 1514 1941 1598 temporibus
1972 1514 2074 1577 his
2104 1515 2263 1592 fuit,
2300 1526 2363 1578 et
2395 1515 2688 1579 aestima-

569 1620 650 1683 tis
680 1618 904 1702 populi
933 1616 1216 1681 Romani
1246 1616 1494 1680 uiribus
1525 1638 1689 1699 quae
1721 1628 1877 1680 tunc
1908 1627 2089 1679 erant
2118 1616 2389 1700 colligit,
2438 1617 2495 1680 si
2537 1617 2686 1678 Ale·

564 1723 809 1784 xander
837 1720 907 1782 in
940 1718 1201 1782 Italiam
1233 1717 1582 1781 traiecisset
1598 1767 1618 1795 ,
1652 1741 1785 1782 11011
1814 1730 1949 1782 tam
1977 1719 2231 1782 facilem
2260 1719 2321 1782 ei
2350 1719 2689 1782 uictoriam

566 1824 644 1884 de
688 1822 927 1904 populo
973 1822 1269 1884 Romano
1311 1820 1444 1882 fore
1506 1843 1701 1903 quam
1752 1811 1975 1884 (101110
2005 1821 2341 1905 gentibus,
2407 1842 2566 1904 quas
2608 1822 2691 1883 ad

566 1922 878 1986 orientem
906 1921 1171 2004 imperio
1203 1943 1317 1984 suo
1349 1921 1730 1986 subiecerat.
2726 1936 2789 1985 15

1371 2158 1497 2220 EX
1544 2160 1717 2221 LIB.
1769 2160 1860 2220 X.

567 2345 873 2410 Coloniae
903 2347 1214 2410 deductae
1245 2354 1398 2408 sunt
1430 2345 1589 2408 Sora
1620 2355 1684 2408 et
1712 2345 1882 2408 Alba
1912 2356 1975 2408 et
2006 2347 2311 2410 Carseoli.
2384 2347 2589 2411 Marsi
2617 2347 2689 2410 in

566 2448 961 2513 deditionem
1004 2448 1248 2532 accepti
1303 2458 1479 2511 sunt.
1558 2448 1902 2532 collegium
1944 2470 2263 2534 augurum
2306 2451 2687 2533 ampliatum

565 2562 664 2615 est
707 2566 783 2614 ut
826 2560 1039 2615 essent
1082 2573 1354 2626 nouem,
1404 2573 1554 2613 cum
1585 2561 1777 2613 antea
1805 2553 2101 2633 quaterni
2128 2552 2424 2616 fuissent.
2474 2552 2581 2614 lex
2612 2553 2691 2613 de

563 2654 1019 2735 prouocatione
1050 2654 1131 2713 ad
1159 2651 1476 2734 populum
1508 2674 1546 2713 a
1569 2654 1846 2715 Murena
1876 2654 2137 2717 consule
2162 2654 2347 2717 tertio
2374 2664 2529 2717 tunc
2558 2654 2691 2716 lata
2722 2664 2790 2715 20

565 2763 682 2816 est.
733 2755 897 2816 duae
929 2751 1132 2815 tribus
1167 2752 1452 2814 adiectae
1482 2763 1658 2829 sunt,
1693 2754 1999 2818 Aniensis
2030 2766 2095 2818 et
2127 2755 2499 2818 Terentina.
2574 2756 2687 2819 Sa-

563 2854 878 2918 mnitibus
907 2854 1155 2917 bellum
1198 2852 1518 2916 indictum
1562 2864 1659 2916 est
1704 2865 1768 2917 et
1810 2857 2117 2919 aduersus
2165 2878 2273 2921 eos
2315 2880 2503 2942 saepe
2546 2880 2688 2941 pro-

565 2978 744 3039 spere
785 2966 1152 3041 pugnatum
1195 2966 1312 3019 est.
1379 2976 1529 3018 cum
1574 2957 1886 3020 aduersus
1934 2959 2237 3023 Etruscos
2269 2961 2542 3026 Vmbros
2576 2962 2687 3024 Sa-

563 3057 801 3121 mnites
833 3058 1059 3122 Gallos
1094 3059 1171 3121 P.
1207 3057 1410 3121 Decio
1441 3068 1505 3120 et
1539 3060 1621 3127 Q
1662 3059 1860 3123 Fabio
1891 3061 2163 3125 ducibus
2194 3073 2593 3146 pugnaretur
2624 3072 2689 3125 et

564 3146 900 3224 Romanus
931 3160 1246 3223 exercitus
1276 3159 1347 3222 in
1376 3160 1661 3224 maximo
1692 3163 2058 3227 discrimine
2090 3174 2275 3239 esset,
2316 3166 2393 3227 Ρ.
2424 3164 2687 3239 Decius,
2723 3176 2789 3224 25

565 3272 820 3325 secutus
854 3263 1225 3376 exemplum
1253 3262 1485 3346 patriS,
1535 3264 1827 3351 deupuith
1831 3286 1899 3326 se
1915 3287 2046 3351 pro
2072 3266 2359 3347 exercitu
2389 3277 2453 3328 et
2483 3277 2688 3328 morte

564 3385 682 3424 sua
718 3363 1055 3425 uictoriam
1085 3364 1222 3427 eius
1252 3385 1509 3445 pugnae
1541 3366 1779 3447 populo
1812 3367 2107 3428 Romano
2138 3366 2337 3429 dedit.
2390 3368 2688 3449 Papirius

568 3613 587 3660 1
621 3626 869 3661 censores
895 3626 925 3660 r
951 3608 968 3677 ΙΙ
996 3613 1243 3661 senatum
1265 3620 1318 3660 N
1338 3607 1355 3677 ΙΙ
1382 3606 1615 3676 legendo
1640 3625 1724 3659 om
1760 3618 1842 3669 N3
1879 3607 1895 3678 Ιί
1937 3611 1965 3660 2
2006 3614 2131 3661 ante
2169 3625 2265 3679 per
2301 3608 2578 3678 proximos
2614 3609 2688 3678 rl]

563 3686 910 3739 obseruatum
934 3686 1112 3738 fuerat
1134 3703 1165 3737 r
1191 3685 1206 3754 ΙΙ
1236 3689 1265 3737 3
1292 3690 1348 3737 et
1386 3689 1466 3736 ter
1488 3702 1573 3737 om
1598 3702 1629 3736 r
1655 3685 1673 3750 ΙΙ
1698 3688 1729 3736 4
1757 3690 1812 3737 et
1846 3703 1929 3737 om
1952 3703 1983 3737 r
2008 3685 2026 3756 ss
2054 3693 2169 3738 erat
2206 3685 2518 3740 restitutum
2556 3704 2587 3737 r
2612 3687 2630 3757 Η
2658 3692 2689 3739 5

551 3780 592 3815 -c
615 3761 810 3815 flauius
833 3774 932 3826 N3,
963 3780 991 3814 0
1013 3780 1099 3813 om
1127 3779 1192 3823 3r
1217 3762 1235 3831 ss
1263 3764 1294 3813 9
1320 3778 1453 3831 quas
1477 3760 1712 3815 urbanas
1749 3762 2045 3831 appellauit
2077 3780 2184 3831 93.-
2222 3780 2306 3814 om
2340 3774 2419 3815 Nr
2444 3762 2462 3832 ss
2496 3766 2555 3816 10
2595 3782 2691 3817 no-

562 3857 686 3893 men
711 3858 796 3892 om
819 3852 869 3892 N
890 3839 907 3907 ΙΙ
933 3838 1267 3891 mensionem
1290 3856 1322 3891 r
1348 3839 1364 3908 ΙΙ
1396 3842 1448 3891 11
1496 3838 1797 3893 Alexandri
1830 3839 2024 3910 Magni
2061 3859 2092 3893 r
2118 3843 2134 3911 ΙΙ
2166 3844 2226 3893 12
2266 3840 2542 3912 colligitur
2580 3862 2647 3907 3r
2672 3846 2689 3915 ΙΙ

569 3945 629 3994 13
655 3940 866 3995 facilem
893 3960 976 3993 om
999 3952 1111 4004 N3‚
1153 3947 1361 3993 tantam
1398 3960 1433 4005 ς
1457 3941 1475 4012 ΙΙ
1508 3945 1569 3993 11
1609 3946 1675 3996 ab
1714 3955 1765 3996 N
1785 3942 1803 4014 ΙΙ
1836 3946 1893 3994 17
1933 3943 2077 3997 Alba
2101 3944 2340 3999 Carseoli
2378 3962 2409 3996 r
2434 3946 2451 4016 ss
2478 3946 2691 3999 carsioli

561 4036 646 4085 N3
669 4024 686 4091 ll
731 4026 795 4075 20
834 4021 916 4073 M.
959 4020 1174 4073 Valerio
1226 4021 1420 4074 Liuius
1457 4025 1489 4074 9
1536 4022 1553 4093 ΙΙ
1596 4022 1756 4075 tertio
1792 4022 2301 4075 Drakenborchius:
2355 4023 2528 4093 pretio
2565 4036 2648 4086 N3
2672 4024 2689 4093 ΙΙ

564 4107 693 4151 tunc
713 4098 945 4168 primum
970 4115 1001 4149 r
1027 4098 1043 4167 u
1071 4102 1129 4151 21
1163 4100 1395 4154 terentia
1415 4113 1500 4164 N3
1525 4102 1543 4171 Η
1572 4104 1635 4153 22
1661 4106 1744 4153 est
1767 4118 1851 4151 om
1876 4117 1907 4151 r
1932 4100 1949 4169 ΙΙ
1977 4118 2135 4172 saepe
2170 4120 2253 4153 om
2293 4119 2324 4152 r
2348 4104 2366 4172 ΙΙ
2394 4106 2457 4154 24
2484 4119 2691 4170 pugna-

561 4183 714 4227 retur
738 4174 1126 4241 Romanusque
1151 4192 1182 4225 r
1207 4175 1224 4245 {j
1254 4179 1318 4228 25
1344 4193 1543 4246 magno
1572 4196 1606 4238 3
1631 4178 1647 4247 ΙΙ
1676 4184 1817 4229 00001
1842 4176 2149 4229 discrimine
2175 4196 2205 4228 r
2232 4180 2247 4246 ΙΙ
