3052 4823
10 2226 13 2239 -
10 1855 18 2139 ---κ----ι--.--Α-μ
10 1822 13 1829 -
10 1796 12 1803 -

375 1506 453 1568 L.
492 1502 791 1587 Scipione
823 1506 898 1569 C.
936 1506 1159 1570 Laelio
1189 1529 1350 1571 coss·
1388 1507 1662 1571 Iunonis
1706 1505 1992 1570 Lucinae
2035 1506 2351 1590 templum
2379 1505 2503 1569 ful·
2570 1510 2595 1563 1

374 1606 549 1669 mine
578 1607 781 1670 ictum
812 1608 905 1671 ita
933 1620 1009 1672 ut
1051 1608 1387 1692 fastigium
1430 1611 1794 1692 ualuaeque
1836 1609 2364 1672 deformarentur.
2430 1606 2503 1669 in
2538 1588 2671 1673 [55]

374 1707 670 1773 finitimis
698 1710 1002 1796 pleraque
1035 1714 1113 1775 de
1144 1712 1319 1775 caelo
1348 1710 1500 1774 icta.
1551 1711 1828 1775 Nursiae
1870 1716 2092 1774 sereno
2131 1708 2338 1772 nimbi
2383 1707 2507 1771 orti

373 1822 439 1873 et
468 1811 761 1876 homines
794 1814 921 1877 duo
952 1814 1326 1878 exanimati.
1377 1814 1645 1877 Tusculi
1676 1824 1841 1877 terra
1870 1811 2061 1895 pluit.
2096 1811 2277 1873 mula
2299 1811 2507 1874 Reate

311 1923 342 1973 5
372 1914 642 1996 peperit.
705 1914 1090 1999 supplicatio
1133 1939 1247 2000 per
1289 1917 1512 1979 decem
1553 1937 1783 1999 pueros
1823 1912 2132 1996 patrimos
2173 1911 2506 1975 matrimos

377 2014 772 2097 totidemque
801 2017 1086 2101 uirgines
1115 2017 1362 2081 habita.

379 2185 475 2247 M.
525 2187 805 2253 Messala
847 2192 922 2257 C.
972 2192 1164 2257 Liuio
1209 2215 1369 2257 coss.
1425 2193 1573 2256 luce
1630 2193 1801 2256 inter
1850 2192 2079 2255 horam
2129 2190 2386 2253 tertiam
2438 2201 2503 2254 et
2565 2195 2601 2251 2

377 2295 674 2367 quartam
711 2291 1010 2353 tenebrae
1053 2303 1248 2355 ortae.
1297 2294 1369 2356 in
1412 2295 1747 2357 Auentino
1774 2293 2067 2375 lapidum
2097 2273 2360 2374 pluuiae
2388 2313 2503 2354 no·
2540 2275 2674 2361 [56]

377 2387 666 2454 uendiali
696 2391 1010 2474 expiatae.
1075 2392 1146 2457 in
1177 2394 1500 2479 Hispania
1529 2417 1827 2480 prospere
1856 2394 2232 2457 militatum.

283 2575 346 2626 10
373 2605 430 2636 u
460 2586 714 2629 sacrum
763 2568 1152 2634 nouendiale
1207 2570 1450 2633 factum
1468 2617 1487 2645 ‚
1546 2571 1718 2652 quod
1768 2568 1841 2631 in
1892 2567 2134 2633 Piceno
2183 2566 2508 2651 lapidibus
2571 2567 2603 2621 3
2688 2587 2709 2602 ‘

376 2667 547 2750 pluit
575 2667 884 2764 ignesque
916 2672 1220 2736 caelestes
1262 2671 1683 2735 multifariam
1726 2670 1851 2735 orti
1893 2669 2026 2734 leui
2070 2671 2291 2733 afflatu
2336 2690 2507 2734 com-

379 2936 402 2985 1
430 2935 624 2988 Liuius
647 2952 879 3004 XXXVII,
909 2941 938 2991 3
971 2936 1203 2993 ‘Romae
1228 2937 1456 2992 Iunonis
1474 2937 1713 2991 Lucinae
1737 2937 2001 3008 templum
2026 2937 2095 2989 de
2129 2935 2277 2990 caelo
2302 2941 2508 2989 tactum

374 3021 490 3066 erat
513 3014 592 3067 ita
616 3023 678 3068 ut
700 3016 981 3087 fastigium
1005 3018 1308 3087 ualuaeque
1335 3016 1781 3070 deformarentur.
1832 3016 2079 3070 Puteolis
2102 3015 2350 3086 pluribus
2375 3014 2508 3066 locis

373 3106 562 3143 murus
588 3098 644 3144 et
667 3099 856 3163 portus
881 3094 1107 3148 fulmine
1133 3095 1242 3148 icta
1266 3101 1322 3148 et
1355 3094 1464 3147 duo
1499 3095 1748 3149 homines
1786 3093 2099 3148 exanimati.
2158 3093 2393 3149 Nursiae
2429 3110 2510 3146 se-

373 3183 507 3220 reno
533 3169 664 3222 satis
689 3171 972 3225 constabat
995 3173 1241 3226 nimbum
1267 3179 1447 3226 ortum
1463 3212 1477 3238 ‚
1520 3173 1601 3227 ibi
1635 3189 1852 3244 quoque
1879 3172 2014 3225 duos
2038 3172 2237 3226 liberos
2260 3171 2509 3226 homines

375 3247 731 3300 exanimatos.
789 3253 934 3302 terra
969 3251 1114 3319 apud
1141 3268 1198 3303 se
1223 3250 1464 3322 pluuisse
1489 3250 1785 3305 Tusculani
1808 3247 2165 3313 nuntiabant,
2208 3255 2265 3301 et
2286 3249 2509 3302 Reatini

373 3324 578 3376 mulam
616 3325 674 3377 in
710 3342 842 3395 agro
875 3343 974 3379 suo
1012 3327 1302 3398 peperisse.
1358 3343 1422 3378 ea
1459 3331 1749 3396 procurata
1782 3325 2120 3395 Latinaeque
2156 3324 2505 3389 instauratae,

378 3401 527 3470 quod
549 3403 916 3456 Laurentibus
942 3405 1117 3457 carnis
1134 3444 1147 3469 ,
1178 3423 1314 3474 quae
1340 3404 1458 3458 dari
1482 3405 1645 3459 debet
1663 3445 1677 3470 ,
1722 3405 1850 3457 data
1873 3422 1984 3458 non
2010 3405 2203 3458 fuerat.
2242 3405 2509 3477 supplica-

374 3479 454 3532 tio
480 3497 696 3551 quoque
722 3498 907 3536 earum
930 3482 1029 3535 reli
1072 3482 1084 3495 ‘
1126 3501 1257 3535 num
1283 3500 1443 3535 causa
1481 3484 1589 3537 fuit
1613 3483 1811 3554 quibus
1836 3483 1919 3537 dis
1946 3484 2237 3537 decemuiri
2263 3503 2331 3537 ex
2355 3485 2509 3540 libris

376 3565 440 3610 ut
464 3558 656 3611 fierent
678 3559 986 3621 ediderunt.
1080 3576 1226 3614 ecem
1264 3560 1523 3630 ingenui,
1567 3563 1752 3614 decem
1777 3563 2019 3632 uirgines
2035 3603 2049 3628 ,
2080 3564 2296 3634 patrimi
2320 3581 2507 3618 omnes

369 3636 719 3706 'matrimique
744 3637 814 3690 ad
839 3638 898 3690 id
923 3638 1242 3692 sacrificium
1268 3638 1533 3704 adhibiti,
1576 3646 1632 3692 et
1667 3640 1962 3694 decemuiri
1995 3648 2155 3694 nocte
2178 3640 2506 3696 lactentibus

374 3732 488 3767 rem
515 3715 754 3768 diuinam
781 3715 1065 3771 fecerunt?
1097 3717 1115 3787 ΙΙ
1143 3720 1172 3770 3
1188 3723 1332 3770 tacta
1347 3718 1651 3786 Schefferus
1677 3719 1695 3788 n
1724 3723 1753 3770 7
1775 3719 1970 3772 Liuius
1996 3733 2253 3783 XXXVIII,
2273 3724 2337 3773 36
2357 3717 2507 3790 ‘sup-

372 3792 592 3862 plicatio
617 3794 860 3848 triduum
883 3811 982 3864 pro
1009 3795 1239 3865 collegio
1265 3795 1696 3851 decemuirorum
1732 3797 1995 3868 imperata
2028 3799 2136 3851 fuit
2171 3800 2226 3852 in
2253 3800 2505 3852 omnibus

375 3872 623 3944 compitis
639 3913 652 3937 ‚
696 3873 843 3943 quod
867 3873 988 3926 luce
1014 3874 1156 3927 inter
1176 3875 1366 3929 horam
1390 3875 1607 3928 tertiam
1643 3876 1754 3930 fere
1779 3883 1836 3930 et
1860 3883 2105 3947 quartam
2130 3877 2384 3931 tenebrae
2409 3878 2503 3931 ob-

376 3955 525 4000 ortae
549 3949 766 4002 fuerant
784 3989 797 4013 ‚
841 3957 897 4003 et
920 3950 1246 4004 nouendiale
1272 3952 1593 4005 sacrificium
1618 3952 1886 4004 indictum
1912 3958 1995 4006 est
2011 3991 2024 4016 ,
2068 3951 2213 4022 quod
2236 3953 2293 4005 in
2318 3954 2503 4007 Auen·

374 4026 490 4079 tino
515 4025 788 4096 lapidibus
812 4026 1116 4098 pluuisset.'
1147 4029 1165 4098 [Ι
1197 4034 1258 4082 10
1286 4029 1380 4101 sp.
1395 4030 1679 4084 Postumio
1702 4029 1907 4083 Albino
1925 4030 1995 4089 Q.
2015 4029 2223 4082 Marcio
2246 4029 2500 4102 Philippo

373 4121 512 4156 coss.
540 4103 788 4156 excn'dnkse
809 4105 1016 4158 monuit
1044 4107 1446 4177 Oudendorpt‘us
1471 4108 1488 4178 ss
1515 4106 1719 4160 Liuius·
1744 4118 2027 4169 XXXVIIII,
2056 4109 2123 4158 22
2154 4103 2500 4162 ‘nouendiale

377 4180 572 4233 deinde
598 4197 809 4234 sacrum
832 4181 1030 4246 tenuit,
1063 4183 1209 4251 quod
1235 4182 1292 4236 in
1330 4183 1533 4237 Piceno
1572 4200 1670 4250 per
1708 4180 1947 4235 triduum
1987 4182 2257 4253 lapidibus
2289 4184 2500 4255 pluerat
