3052 4823
61 219 97 343 ..fl—¹..

1023 367 1086 409 r.
1123 365 1266 409 1.1v1
1297 365 1476 409 cxxx
1487 364 1931 409 ——cxxxme
2426 345 2547 407 107

424 512 547 600 git,
581 516 1002 598 obsessusque
1043 537 1082 578 a
1127 517 1400 579 Caesare
1437 515 1510 579 in
1551 514 1786 579 ultima
1827 513 2267 600 desperatione
2308 536 2545 592 rerum,

417 618 765 703 ,praecipue
797 616 1039 681 occisae
1072 619 1447 702 Cleopatrae
1476 618 1637 681 falso
1676 638 1929 681 rumore
1960 615 2257 699 inpulsus
2301 638 2391 680 se·
2413 617 2551 700 ipse

423 720 770 784 interfecit.
835 721 1072 784 Caesar
1099 720 1494 784 Alexandria
1523 719 1595 781 in
1625 729 2011 802 potestatem
2038 720 2333 795 redacta,
2368 719 2551 782 Cleo-

425 832 611 905 patra
668 844 751 884 ne
796 822 867 885 in
913 822 1247 886 arbitrium
1307 822 1571 885 uictoris
1629 821 1882 885 ueniret
1938 821 2306 884 uoluntaria
2344 832 2551 885 morte

363 937 394 987 5
424 925 764 1001 defuncta,
798 924 869 987 in
900 927 1121 988 urbem
1152 947 1448 989 reuersus
1480 934 1607 987 tres
1640 923 2001 1005 triumphos
2030 923 2200 1007 egit,
2234 945 2444 987 unum
2471 945 2555 986 ex

428 1027 712 1111 Illyrico,
747 1027 1022 1090 alterum
1051 1050 1132 1091 ex
1161 1027 1428 1091 Actiaca
1458 1025 1752 1101 uictoria,
1788 1022 2053 1088 tertium
2082 1026 2160 1088 de
2184 1026 2549 1107 Cleopatra,

424 1128 707 1211 inposito
735 1131 867 1192 fine
898 1128 1200 1193 ciuilibus
1245 1129 1433 1193 bellis
1480 1128 1681 1191 altero
1725 1137 1787 1190 et
1824 1126 2133 1191 uicesimo
2176 1149 2369 1190 anno.
2449 1128 2545 1189 M.

423 1230 710 1314 Lepidus
741 1230 993 1315 Lepidi,
1032 1232 1143 1315 qui
1174 1231 1475 1295 triumuir
1502 1231 1734 1306 fuerat,
1768 1229 1943 1293 filius
1973 1228 2413 1300 coniuratione
2444 1230 2552 1293 ad-

424 1354 652 1396 uersus
699 1333 1037 1396 Caesarem
1082 1334 1252 1396 facta
1293 1334 1541 1397 bellum
1582 1332 1853 1397 moliens
1900 1354 2239 1416 oppressus
2283 1341 2347 1395 et
2389 1330 2552 1395 occi-

331 1446 392 1495 10
425 1456 532 1497 sus
566 1443 684 1497 est.

1064 1592 1194 1655 EX
1238 1593 1413 1655 LIB.
1465 1593 1911 1658 CXXXIIII.

428 1726 506 1788 C.
545 1725 780 1801 Caesar
807 1726 996 1789 rebus
1027 1727 1375 1809 conpositis
1407 1738 1472 1791 et
1502 1729 1801 1793 omnibus
1830 1727 2182 1813 prouinciis
2213 1728 2279 1789 in
2314 1738 2553 1791 certam

425 1826 695 1889 formam
736 1827 1008 1891 redactis
1038 1871 1092 1898 ω,
1139 1830 1478 1913 Augustus
1513 1852 1764 1915 quoque
1796 1831 2286 1916 cognominatus
2319 1839 2450 1906 est,
2486 1838 2551 1893 et

420 1927 659 1992 mensis
703 1928 966 1993 Sextilis
996 1930 1068 1993 in
1096 1931 1402 1995 honorem
1445 1930 1583 1995 eius
1616 1935 1975 2018 appellatus
2010 1942 2127 1996 est.
2157 1938 2196 2009 †
2250 1953 2396 1994 cum
2440 1930 2550 1993 ille

327 2041 390 2092 15
413 2042 816 2095 'conuentum
833 2033 1137 2096 Narbone
1167 2033 1322 2117 egit,
1357 2056 1587 2097 census
1620 2058 1657 2099 a
1687 2024 1891 2099 tribus
1924 2034 2181 2109 Galliis,
2219 2054 2376 2117 quas
2392 2033 2550 2095 Cae-

422 2154 525 2194 sar
575 2143 756 2215 pater
807 2132 1088 2211 uicerat,
1146 2147 1347 2200 actus,
1426 2138 1671 2200 bellum
1724 2140 2029 2201 aduersus
2092 2138 2435 2199 Basternas
2487 2142 2552 2197 et
2662 2212 2673 2227 Β

421 2235 678 2298 Moesos
711 2244 776 2297 et
807 2234 964 2298 alias
994 2246 1219 2319 gentes
1252 2260 1291 2299 a
1320 2238 1416 2299 M.
1455 2239 1687 2302 Crasso
1717 2267 1751 2300 ι
1803 2238 2094 2302 refertur.

1105 2428 1233 2491 EX
1280 2429 1455 2494 LIB.
1511 2430 1866 2496 CXXXV.

423 2577 681 2641 Bellum
711 2599 748 2640 a
779 2579 874 2641 M.
912 2580 1140 2642 Crasso
1171 2582 1476 2646 aduersus
1523 2583 1805 2646 Thracas
1852 2591 1916 2648 et
1958 2603 1997 2644 a
2025 2583 2295 2645 Caesare
2326 2581 2551 2643 aduer-

290 2691 390 2762 *20
423 2701 530 2743 sus
581 2679 914 2762 Hispanos
955 2692 1212 2766 gestum
1267 2684 1574 2761 refertur,
1631 2696 1696 2749 et
1739 2683 2015 2761 Salassi,
2072 2704 2232 2770 gens
2278 2681 2544 2765 Alpina,

420 2781 784 2865 perdomiti.

1044 2942 1174 3005 EX
1217 2948 1392 3011 LIB.
1450 2946 1924 3012 CXXXVIII.

422 3092 616 3156 Raeti
647 3117 686 3157 a
715 3093 974 3156 Tiberio
998 3094 1258 3158 Nerone
1287 3107 1353 3160 et
1383 3099 1599 3162 Druso
1632 3097 1924 3163 Caesaris
1947 3097 2265 3182 priuignis
2290 3095 2527 3162 domiti

422 3193 712 3279 Agrippa
747 3195 1038 3258 Caesaris
1065 3218 1264 3280 gener
1284 3209 1599 3264 mortuus.
1649 3222 1687 3262 a
1717 3201 1932 3263 Druso
1956 3221 2187 3263 census
2213 3209 2393 3264 actus
2422 3206 2541 3262 est.

321 3397 386 3448 25
1029 3392 1157 3455 EX
1201 3392 1376 3455 LIB.
1427 3394 1938 3458 CXXXVIIII.

418 3539 733 3606 Ciuitates
766 3543 1152 3608 Germaniae
1182 3545 1274 3609 cis
1305 3547 1616 3610 Rhenum
1645 3556 1710 3610 et
1748 3531 1927 3611 trans
1961 3546 2273 3612 Rhenum
2299 3544 2547 3628 positae

419 3654 874 3726 oppugnantur
904 3667 942 3707 a
969 3645 1219 3723 Druso,
1253 3657 1318 3710 et
1349 3649 1667 3712 tumultus
1712 3647 1825 3730 qui
1869 3649 1949 3711 ob
1992 3671 2259 3713 censum
2288 3657 2545 3712 exortus

423 3873 444 3923 1
473 3887 652 3924 rerum
678 3873 1053 3944 desperatione
1100 3893 1167 3939 ςν
1191 3877 1208 3948 ΙΙ
1237 3881 1266 3930 3
1302 3878 1576 3932 interemit
1612 3896 1643 3932 r
1668 3879 1686 3949 ΙΙ
1713 3878 1954 3933 Caesaris
1992 3897 2023 3930 r
2048 3879 2067 3948 ΙΙ
2092 3884 2359 3951 potestate
2398 3890 2449 3930 Ν
2468 3877 2487 3948 ΙΙ
2516 3881 2546 3930 5

419 3951 676 4003 occubuit
697 3968 730 4003 r
753 3952 772 4020 ll
799 3955 830 4004 6
856 3969 924 4004 ex
949 3970 981 4004 r
1005 3953 1024 4022 ῑΙ
1052 3957 1080 4005 7
1108 3962 1164 4008 et
1185 3957 1356 4010 altero
1379 3970 1458 4026 Ny
1485 3957 1502 4026 fl
1529 3957 1847 4010 tricesimor
1872 3959 1888 4026 ΙΙ
1917 3961 1947 4010 8
1962 3958 2058 4026 qui
2082 3957 2251 4027 lepidi
2277 3955 2547 4010 triumuiri

418 4027 596 4081 fuerat
632 4045 698 4090 ςν
721 4028 740 4097 11
767 4036 955 4083 contra
990 4050 1022 4084 r
1046 4032 1064 4101 ΙΙ
1091 4035 1122 4084 9
1163 4039 1442 4101 oppresset
1473 4043 1524 4084 N
1556 4031 1574 4100 ΙΙ
1618 4035 1680 4083 16
1716 4038 1905 4085 contra
1936 4051 1968 4085 r
2006 4032 2026 4102 ΙΙ
2062 4034 2352 4086 Bastarnas
2377 4049 2409 4083 r
2434 4030 2451 4100 ss
2479 4034 2544 4084 20

416 4113 607 4174 gentes
632 4106 869 4176 Alpinae
893 4125 924 4158 r
949 4108 966 4177 ll
995 4113 1060 4162 23
1098 4109 1243 4161 recia
1279 4125 1375 4172 ςν,
1427 4109 1609 4178 grecia
1635 4126 1670 4172 ς
1694 4108 1712 4178 [Ι
1738 4109 2006 4180 priuignis
2051 4111 2386 4179 Gronouius:
2434 4111 2543 4182 pri-

418 4183 586 4253 uigno
609 4196 724 4246 Νςν
749 4183 766 4254 ΙΙ
793 4183 1000 4238 domita
1025 4204 1091 4249 ςν
1115 4185 1133 4256 ΙΙ
1160 4189 1226 4238 24
1252 4193 1459 4240 mortus
1482 4186 1575 4254 Nl}
2392 4180 2399 4190 ’
