3052 4823
1060 359 1533 404 PRODIGIORVM
1564 359 1787 400 LIBER.
2387 338 2507 399 125

379 509 588 592 capite
620 510 922 590 adaperto
951 507 1115 584 fuit,
1163 518 1456 590 opertum
1499 506 1866 569 inuentum.
1932 505 2249 568 Nuceriae
2294 506 2509 568 ulmus

382 620 582 672 uento
632 631 854 671 euersa
898 631 1018 672 sua
1061 617 1288 693 sponte
1331 617 1543 670 erecta
1584 608 1655 670 in
1698 607 1978 670 radicem
2022 605 2375 670 conualuit.
2440 605 2511 667 in

384 710 666 774 Lucanis
696 711 862 772 lacte
880 757 899 786 ,
950 712 1176 773 Lunae
1217 708 1534 790 sanguine
1564 708 1754 791 pluit.
1818 707 2098 770 Arimini
2129 707 2304 770 canis
2334 707 2510 770 locu·

383 823 513 875 tus.
561 845 626 880 ³⁸*
657 834 834 874 arma
863 812 1161 874 caelestia
1193 823 1476 894 tempore
1515 817 1554 888 †
1585 821 1855 892 utroque
1889 811 1969 872 ab
2014 818 2160 872 ortu
2191 817 2255 870 et
2286 829 2513 870 occasu

323 927 354 974 5
386 913 529 976 uisa
557 934 846 995 pugnare
879 921 943 974 et
975 914 1052 975 ab
1099 935 1328 976 occasu
1371 912 1573 975 uinci.
1640 911 2009 994 aruspicum
2054 930 2360 991 responso
2399 931 2511 992 po-

383 1015 576 1098 pulus
609 1014 842 1096 stipem
871 1014 1087 1077 Cereri
1129 1025 1193 1077 et
1241 1013 1662 1095 Proserpinae
1708 1013 1883 1075 tulit.
1945 1011 2231 1095 uirgines
2275 1011 2513 1094 uiginti

386 1126 630 1198 septem
660 1118 828 1177 dona
880 1129 1181 1178 canentes
1227 1109 1539 1177 tulerunt.
1604 1115 1764 1177 luna
1804 1114 2088 1177 interdiu
2134 1135 2283 1176 cum
2328 1113 2515 1175 stella

386 1218 466 1279 ab
495 1217 653 1280 hora
684 1216 870 1279 tertia
901 1239 1104 1298 usque
1135 1218 1218 1279 ad
1247 1218 1470 1279 horam
1503 1215 1844 1298 septimam
1874 1215 2195 1299 apparuit.
2262 1237 2298 1276 a
2344 1213 2512 1296 fugi-

384 1317 538 1380 tiuis
586 1329 650 1380 et
682 1318 1109 1380 desertoribus
1139 1317 1206 1378 in
1242 1317 1554 1380 Thurinis
1584 1315 1875 1398 regiones
1906 1326 2217 1378 uastatae.
2268 1315 2516 1378 Cimbri

289 1430 351 1479 10
383 1418 579 1500 Alpes
625 1418 1006 1501 transgressi
1059 1427 1208 1500 post
1249 1416 1643 1498 Hispaniam
1689 1425 2008 1477 uastatam
2048 1417 2403 1479 iunxerunt
2446 1439 2514 1480 se

248 1501 271 1512 ..
385 1518 723 1581 TeutoniS.
773 1517 968 1600 lupus
1002 1520 1223 1581 urbem
1254 1516 1548 1578 intrauit.
1598 1517 1890 1580 fulminis
1921 1517 2056 1579 ictu
2087 1518 2378 1580 uultures
2411 1539 2513 1580 su-

309 1661 315 1666 ·
382 1640 497 1701 per
527 1628 769 1680 turrem
801 1617 1175 1682 exanimati.
1226 1618 1384 1680 hora
1427 1617 1553 1679 diei
1585 1617 1777 1680 tertia
1806 1618 1957 1682 solis
1990 1619 2273 1681 defectus
2304 1619 2517 1681 lucem

387 1719 779 1781 obscurauit.
817 1741 1090 1781 examen
1122 1720 1344 1805 apium
1377 1731 1524 1783 ante
1558 1721 1781 1782 aedem
1813 1719 2058 1782 Salutis
2090 1719 2399 1783 consedit.
2447 1719 2518 1780 in

383 1819 645 1882 comitio
693 1821 859 1882 lacte
889 1821 1080 1904 pluit.
1130 1822 1201 1884 in
1233 1821 1474 1884 Piceno
1507 1832 1631 1884 tres
1675 1821 1838 1884 soles
1871 1819 2019 1883 uisi.
2069 1819 2139 1883 in
2171 1843 2323 1904 agro
2353 1822 2514 1885 Vul-

292 1933 354 1982 15
386 1920 654 1984 siniensi
684 1921 945 1984 flamma
975 1944 1009 1984 e
1043 1932 1208 1986 terra
1249 1933 1387 1985 orta
1417 1923 1791 2005 caelumque
1830 1921 1972 1986 uisa
2001 1923 2393 2006 contingere.
2444 1923 2515 1985 in

384 2023 665 2086 Lucanis
698 2024 826 2085 duo
858 2023 1011 2107 agni
1041 2024 1292 2108 equinis
1322 2021 1595 2107 pedibus
1640 2024 1815 2101 nati,
1865 2025 2026 2088 alter
2070 2023 2382 2088 feminino
2412 2047 2513 2086 ca-

385 2122 542 2204 pite.
606 2123 677 2185 in
720 2124 1174 2207 Tarquiniensi
1215 2125 1402 2188 lactis
1448 2125 1575 2187 riui
1620 2137 1786 2188 terra
1829 2125 2236 2189 scaturientis
2282 2126 2508 2188 exorti.

386 2223 754 2306 aruspicum
811 2247 1115 2306 responso
1169 2226 1354 2307 signa
1407 2226 1739 2308 oleaginea
1793 2228 1921 2289 duo
1974 2234 2227 2290 armata'
2272 2237 2515 2290 statuta

390 2324 971 2406 supplicatumque.
1022 2325 1092 2386 in
1124 2325 1506 2388 Macedonia
1539 2326 1817 2388 Thraces
1850 2328 2124 2390 subacti.

289 2541 354 2589 20
387 2531 460 2591 C.
501 2528 709 2590 Mario
741 2530 824 2596 Q.
861 2528 1124 2591 Lutatio
1157 2550 1317 2591 coss
1369 2527 1755 2592 nouendiale
1780 2551 2029 2591 sacrum
2061 2530 2211 2606 fuit,
2245 2533 2415 2613 quod
2444 2531 2513 2594 in
2582 2540 2661 2593 44

391 2628 618 2692 Tuscis
657 2630 978 2712 lapidibus
1024 2630 1300 2712 pluerat.
1367 2631 1520 2692 urbs
1579 2630 1947 2714 aruspicum
1985 2631 2166 2695 iussu
2212 2634 2504 2696 lustrata.
2546 2617 2723 2701 [104]

388 2730 744 2794 hostiarum
774 2732 935 2795 cinis
966 2753 1079 2814 per
1109 2732 1503 2795 decemuiros
1535 2732 1604 2795 in
1648 2753 1823 2795 mare
1864 2732 2186 2815 dispersus
2204 2781 2223 2809 ‚
2292 2745 2356 2798 et
2400 2756 2513 2816 per

387 2833 523 2895 dies
554 2855 790 2896 nouem
821 2834 988 2897 circa
1019 2832 1234 2903 omnia
1267 2835 1508 2917 templa
1536 2856 1649 2916 per
1694 2834 2107 2917 magistratus
2137 2841 2175 2912 †
2207 2846 2271 2897 et
2300 2836 2512 2898 muni·
2582 2889 2587 2894 .

385 2934 553 3017 cipia
579 2955 815 3017 pompa
846 2936 1042 2997 ducta
1071 2935 1529 3017 supplicatum.
1577 2936 1801 2998 hastae
1826 2936 2057 2999 Martis
2087 2936 2158 2998 in
2191 2937 2368 3019 regia
2397 2960 2515 3001 sua

288 3046 356 3095 25
387 3045 616 3116 sponte
644 3044 877 3097 motae.
933 3035 1250 3117 sanguine
1281 3036 1448 3099 circa
1479 3058 1735 3099 amnem
1763 3035 2084 3099 Anienem
2114 3038 2305 3120 pluit.
2366 3060 2511 3101 exa-

387 3156 538 3197 men
570 3136 789 3217 apium
817 3136 886 3196 in
918 3136 1054 3219 fqro
1083 3136 1298 3205 boario
1328 3137 1397 3198 in
1429 3137 1662 3199 sacello
1706 3136 2016 3221 consedit.
2079 3138 2150 3199 in
2194 3138 2413 3201 Gallia
2440 3138 2510 3200 in

385 3234 609 3297 castris
633 3237 749 3297 lux
773 3246 961 3298 nocte
984 3236 1190 3299 fulsit.
1240 3259 1400 3319 puer
1433 3238 1758 3319 ingenuus
1781 3236 2035 3300 Ariciae
2058 3238 2319 3301 flamma
2342 3261 2511 3302 com-

387 3337 740 3417 prehensus
769 3360 888 3399 nec
913 3338 1270 3401 ambustus.
1307 3326 1493 3401 aedes
1521 3336 1700 3403 Iouis
1724 3338 1903 3401 clusa
1918 3339 2192 3402 fulmine
2216 3341 2365 3402 icta.
2402 3363 2510 3403 cu-

394 3542 414 3590 1
459 3540 716 3609 adaperto
753 3539 1045 3593 Heinsius.-
1074 3542 1331 3611 adoperto
1357 3560 1391 3593 a
1417 3543 1434 3612 11
1461 3550 1709 3612 apertum
1746 3544 2048 3613 Sohefferus
2074 3544 2092 3614 ΙΙ
2120 3548 2150 3597 2
2177 3545 2380 3598 coaluit
2401 3546 2515 3615 Ly-

387 3620 651 3671 eosthenes
679 3619 695 3687 Ι]
724 3622 754 3670 3
778 3619 1029 3671 Ameriae
1052 3620 1279 3687 Piyhius
1305 3620 1322 3689 11
1350 3625 1382 3673 4
1409 3621 1623 3673 Plinius
1648 3635 1717 3685 ΙΙ,
1742 3626 1824 3686 57,
1872 3627 1936 3675 58
1956 3621 2141 3675 ‘tertio
2168 3639 2297 3675 uero
2314 3641 2515 3677 ‚consu-

388 3695 503 3747 latu
529 3695 672 3748 Mari
697 3696 766 3747 ab
790 3694 1060 3747 Amerinis
1092 3694 1452 3763 (Mamertinis
1469 3698 1641 3767 codd.)
1671 3705 1726 3750 et
1750 3698 2078 3750 Tudertibus
2104 3705 2343 3765 spectata
2367 3716 2515 3750 arma
2550 3701 2555 3705 “

387 3772 639 3825 caelestia
675 3774 742 3825 ab
768 3780 892 3826 ortu
918 3790 1218 3842 occasuque
1244 3774 1384 3825 inter
1409 3792 1464 3827 se
1491 3775 1843 3838 occurrentia,
1872 3776 2043 3845 pulsis
2069 3794 2205 3845 quae
2231 3778 2297 3828 ab
2324 3795 2517 3830 occasu

384 3846 572 3901 erant.'
605 3850 622 3918 Π
645 3852 890 3918 sortasse
913 3856 1152 3919 tempore
1190 3857 1457 3903 nocturno
1495 3852 1767 3921 utrimque
1794 3853 1813 3921 11
1839 3856 1869 3904 9
1907 3852 2183 3921 Tigurinis
2215 3854 2519 3907 Oudendor-

375 3924 506 3992 pius
533 3924 550 3994 ΙΙ
596 3928 659 3977 10
695 3934 822 3995 post
856 3926 1244 3979 Burmannus.-
1282 3944 1378 3996 per
1415 3946 1450 3979 a
1487 3926 1504 3996 ss
1525 3929 1771 3995 sortasse
1814 3927 2069 3980 inuasam·
2095 3926 2112 3997 ss
2157 3929 2219 3981 16
2256 3930 2517 3983 feminino

388 4002 614 4071 scripsi.-
655 4004 910 4058 siminino
946 4023 980 4056 α
1006 4006 1023 4075 ΙΙ
1055 4009 1114 4057 17
1142 4006 1483 4059 scaturientis
1515 4006 1918 4074 Oudendovpius
1936 4026 1953 4057 .·
1984 4006 2301 4059 scaturienti
2325 4024 2359 4057 α
2384 4006 2401 4074 ΙΙ
2429 4023 2519 4057 ex-

390 4082 495 4135 orti
537 4084 839 4152 Stephanus
855 4104 873 4137 .-
901 4091 1090 4135 exorta
1113 4100 1146 4135 a
1173 4084 1190 4153 fl
1220 4087 1282 4135 24
1309 4085 1672 4155 supplicatum
1697 4084 2082 4153 Lyco-sthenes.-
2120 4082 2519 4152 supplicantum

391 4178 425 4211 a
451 4160 468 4229 ΙΙ
498 4163 562 4213 28
591 4161 761 4214 Clusii
784 4162 1044 4215 Heinsius
1071 4166 1088 4231 u
