3052 4823
1095 370 1564 415 PRomeIoRVM
1598 371 1821 413 LIBER.
2406 356 2435 414 1
2452 356 2527 415 17

403 515 890 579 abdicauerunt.
941 557 996 585 ,η
1035 519 1209 600 quod
1245 518 1500 581 Ariciae
1542 517 1865 600 lapidibus
1905 519 2192 601 pluerat,
2244 519 2339 583 ita
2380 543 2528 604 sup-

399 618 664 701 plicatio
694 617 941 693 habita,
977 621 1149 700 quod
1178 620 1427 682 Romae
1455 620 1679 683 multis
1708 620 1867 683 locis
1893 620 2133 704 species
2165 630 2532 703 togatorum

401 717 582 781 uisae
635 718 1292 801 adpropinquantium
1345 721 1563 784 oculos
1629 721 1997 784 eludebant.
2068 722 2138 783 in
2191 720 2531 784 Lusitania

403 820 616 895 uarie,
653 819 723 881 in
755 820 974 883 Gallia
1002 841 1298 904 prospere
1329 832 1714 904 pugnatum.

341 992 370 1039 5
405 977 638 1060 Spurio
691 980 1026 1042 Postumio
1073 982 1148 1043 L.
1201 979 1438 1043 Pisone
1491 1002 1653 1043 coss.
1704 989 1890 1041 uasto
1932 979 2233 1065 incendio
2276 980 2525 1041 Romae
2592 982 2663 1039 19

403 1103 552 1143 cum
581 1080 756 1163 regia
785 1104 1040 1164 quoque
1078 1093 1400 1157 ureretur,
1449 1081 1797 1145 sacrarium
1820 1073 1894 1143 'et'
1924 1074 2005 1143 ex
2047 1081 2295 1143 duabus
2327 1081 2527 1143 altera
2560 1061 2622 1176 [7
2634 1059 2696 1144 8]

407 1182 642 1245 laurus
673 1205 752 1269 ex
797 1183 1026 1246 mediis
1057 1175 1318 1267 ignibus
1351 1183 1669 1246 inuiolata
1700 1182 2076 1246 extitemut.
2130 1179 2527 1263 Pseudophi-

402 1284 618 1367 lippus
652 1285 967 1348 deuictus.

403 1446 480 1507 P.
517 1444 821 1505 Africano
853 1444 928 1505 C.
967 1443 1156 1507 Liuio
1201 1465 1361 1506 cOSS.
1409 1441 1732 1505 Amiterni
1772 1464 1931 1525 puer
1970 1441 2174 1506 tribus
2220 1443 2517 1527 pedibuS,
2584 1454 2665 1510 20

309 1558 369 1605 10
402 1567 534 1606 una
564 1567 764 1606 manu
806 1555 1022 1607 natuS.
1093 1546 1340 1607 Romae
1386 1555 1450 1607 et
1495 1544 1664 1606 circa
1706 1544 1977 1606 fulmine
2018 1545 2325 1626 pleraque
2367 1544 2517 1607 icta.
2562 1532 2695 1617 [79]

402 1648 602 1709 Caere
648 1645 983 1728 sanguinis
1025 1646 1153 1709 riui
1206 1656 1370 1709 terra
1425 1646 1751 1708 fluxerunt
1794 1656 1858 1708 et
1910 1656 2099 1709 nocte
2150 1647 2402 1709 caelum
2454 1669 2528 1709 ac

406 1758 572 1809 terra
604 1750 823 1810 ardere
853 1748 1094 1810 uisum.
1145 1733 1501 1810 Frusinone
1534 1770 1764 1810 aurum
1795 1770 2047 1811 sacrum
2089 1770 2301 1811 mures
2344 1749 2525 1810 adro-

401 1858 642 1911 serunt.
693 1849 978 1912 Lanuuii
1008 1849 1177 1912 inter
1205 1845 1808 1911 horamtertiam'et
1838 1848 2133 1932 quintam
2163 1851 2291 1912 duo
2322 1848 2525 1912 disco-

400 1950 566 2013 lores
597 1950 822 2014 circuli
863 1952 1061 2014 solem
1107 1950 1450 2013 cinxerunt
1491 1952 1763 2013 rubente
1806 1950 2000 2026 alter,
2051 1950 2213 2014 alter
2254 1951 2527 2014 candida

303 2064 366 2113 15
398 2051 591 2114 linea.
654 2052 841 2115 stella
895 2051 1050 2114 arsit
1093 2074 1206 2135 per
1250 2052 1384 2114 dies
1428 2047 1697 2135 triginta
1738 2054 1899 2114 duos
1945 2058 1984 2129 †
2028 2061 2115 2114 et.
2176 2073 2325 2114 cum
2370 2054 2524 2116 Car-

398 2153 594 2235 thago
626 2153 1057 2229 obsideretur,
1103 2152 1174 2215 in
1205 2154 1494 2235 captiuos
1525 2156 1969 2216 Romanorum
2009 2174 2120 2235 per
2149 2155 2524 2217 Hasdruba-

395 2254 523 2316 lem
544 2255 813 2318 barbaro
837 2276 1008 2316 more
1041 2254 1386 2329 saeuitum,
1420 2276 1571 2316 mox
1596 2254 1917 2335 Carthago
1947 2276 2060 2335 per
2083 2255 2524 2319 Aemilianum

399 2354 634 2416 diruta.

394 2511 606 2594 Appio
638 2511 908 2573 Claudio
942 2514 1023 2579 Q.
1062 2513 1328 2574 Metello
1359 2534 1518 2575 coSS.
1586 2512 1931 2596 [Amiterni
1973 2535 2133 2595 puer
2178 2513 2381 2578 tribus
2411 2537 2518 2598 pe·
2581 2524 2655 2578 21

300 2622 366 2671 20
397 2611 586 2673 dibus
630 2623 846 2674 natus.
906 2619 945 2690 †
992 2615 1240 2676 Caurae
1285 2615 1622 2698 sanguinis
1677 2614 1805 2677 riui
1848 2636 1881 2676 e
1926 2625 2091 2677 terra
2134 2615 2515 2700 fluxerunt.]
2558 2603 2690 2688 [80]

398 2734 546 2774 cum
578 2734 616 2774 a
646 2712 919 2776 Salassis
951 2711 1135 2778 illata
1165 2714 1377 2778 clades
1410 2728 1576 2780 esset
1607 2717 1956 2793 Romanis,
2005 2715 2352 2779 decemuiri
2380 2739 2522 2800 pro-

397 2813 870 2877 nuntiauerunt
921 2837 988 2878 se
1039 2816 1368 2880 inuenisse
1419 2817 1489 2880 in
1544 2818 1914 2900 Sibyllinis,
1978 2819 2227 2901 quoties
2276 2819 2523 2881 bellum

398 2916 606 2978 Gallis
638 2916 882 2979 illaturi
916 2930 1152 2994 essent,
1188 2920 1530 2982 sacrificari
1560 2920 1630 2983 in
1661 2943 1880 2983 eorum
1910 2921 2147 2983 finibus
2179 2930 2487 3003 oportere.

399 3075 476 3134 L.
523 3073 790 3136 Metello
838 3076 920 3141 Q.
969 3075 1168 3138 Fabio
1217 3057 1503 3140 Maximo
1547 3101 1707 3140 coss.
1771 3078 1972 3140 fames
2026 3088 2090 3140 et
2147 3077 2519 3160 pestilentia
2578 3085 2656 3142 22

299 3185 362 3233 25
395 3195 543 3234 cum
573 3184 788 3236 essent
808 3222 826 3249 ‚
874 3196 988 3257 per
1016 3177 1409 3241 decemuiros
1441 3178 1895 3260 supplicatum.
1945 3180 2170 3240 Lunae
2202 3181 2515 3261 androgy-
2553 3165 2687 3249 [81]

393 3296 518 3337 nus
548 3285 740 3338 natus
771 3287 1110 3358 praecepto
1141 3279 1509 3360 aruspicum
1552 3279 1622 3341 in
1661 3301 1836 3341 mare
1880 3280 2272 3362 deportatus
2336 3289 2522 3342 tanta

394 3553 422 3600 2
450 3555 760 3618 togatorum
783 3550 1185 3605 Freinshemius
1201 3575 1218 3605 .·
1246 3561 1498 3624 togarum
1523 3574 1558 3607 a
1585 3555 1601 3624 Η
1630 3559 1657 3606 7
1686 3555 1988 3608 extiterunt
2004 3556 2330 3625 Schefferus:
2356 3563 2439 3613 est
2464 3563 2521 3609 et

392 3632 553 3677 erunt
576 3645 610 3678 a
637 3627 653 3694 ll
681 3630 711 3677 9
742 3627 802 3680 C.
839 3628 1273 3697 Oudendorpius:
1301 3640 1356 3685 et
1379 3651 1412 3684 a
1441 3634 1456 3701 ΙΙ
1483 3634 1647 3685 Liuio
1676 3632 1917 3700 Scaliyer
1934 3653 1952 3682 .·
1992 3632 2179 3684 Laelio
2205 3651 2239 3684 a
2266 3632 2282 3701 ΙΙ
2314 3635 2366 3683 11
2403 3649 2519 3684 cae·
2580 3632 2591 3640 “

390 3702 502 3754 lum
519 3703 731 3754 Atellae
747 3704 934 3754 ardere
949 3705 1251 3772 Schefferus
1279 3710 1294 3776 ss
1329 3712 1386 3759 15
1403 3726 1531 3759 num
1548 3709 1724 3761 Setiae
1744 3709 1769 3760 P
1796 3710 1813 3777 Η
1846 3711 1905 3758 19
1921 3707 1989 3766 Q.
2006 3707 2309 3759 Hearnius:
2336 3707 2398 3759 P.
2417 3725 2450 3758 a
2476 3708 2493 3774 ΙΙ
2587 3715 2595 3720 ’

390 3783 456 3830 20
483 3779 651 3831 Corae
676 3780 936 3831 Heinsius
953 3820 966 3843 ,
999 3782 1163 3835 Caere
1187 3786 1499 3839 Perizonius
1524 3787 1689 3838 anim.
1719 3785 1843 3836 hist.
1876 3787 1905 3835 8
1933 3802 1997 3851 p.
2026 3787 2126 3835 324
2155 3784 2171 3852 Η
2200 3788 2261 3835 24
2299 3783 2519 3835 Orosius

390 3872 442 3921 v,
474 3862 503 3908 4
525 3855 611 3909 ²1..
643 3858 874 3910 Caecilio
902 3859 1128 3911 Metello
1157 3861 1225 3918 Q.
1256 3861 1426 3913 Fabio
1455 3863 1699 3914 Maximo
1738 3859 2043 3912 Seruiliano
2079 3875 2216 3910 coss,
2254 3859 2397 3911 inter
2434 3876 2517 3911 ce—

392 3943 506 3989 tera
529 3936 779 4005 prodigia
803 3937 1152 4006 androgynus
1178 3938 1386 3990 Romae
1411 3939 1564 3990 uisus
1589 3941 1741 3991 iussu
1764 3935 2112 4003 haruspicum
2136 3935 2194 3987 in
2218 3953 2363 3988 mare
2380 3953 2516 3988 mer-

389 4030 482 4064 sus
519 4019 630 4074 est,
685 4012 780 4063 sed
818 4012 957 4064 nihil
994 4012 1189 4082 impiae
1227 4013 1533 4082 expiatoriis
1570 4015 1879 4083 procuratio
1905 4014 2151 4084 profecit.
2213 4033 2337 4068 nam
2363 4023 2516 4069 tanta

387 4087 568 4141 subito
594 4086 904 4156 pestilentia
928 4097 1114 4140 exorta
1139 4096 1221 4141 est
1240 4129 1253 4152 ‚
1284 4097 1347 4142 ut
1371 4090 1604 4143 ministri
1631 4109 1847 4161 quoque
1872 4092 2239 4147 faciendorum
2265 4093 2515 4148 funerum

391 4165 624 4234 primum
651 4181 760 4216 non
786 4165 1122 4228 sufficerent,
1155 4164 1350 4218 deinde
1377 4183 1485 4218 non
1512 4166 1727 4220 essent?
1760 4169 1778 4237 ss
