3052 4823
554 311 674 373 130
1281 329 1453 373 1v1.11
1486 299 1961 378 onsrssovnnris'

549 491 680 543 tem
710 479 860 554 ferri
890 480 1070 544 uisus
1099 479 1619 563 magnitudinem
1649 479 1807 542 solis'
1832 462 2105 562 obtexit.
2130 535 2135 540 .
2162 476 2389 541 Cumis
2436 477 2506 540 111
2538 499 2679 540 aree
2708 539 2713 543 ,

550 582 965 646 'simulacrum
993 581 1317 667 Apollinis
1359 582 1642 646 sudauit.
1692 582 1867 645 aedis
1896 580 2184 658 ,Pietatis
2229 580 2300 642 in
2330 580 2497 644 circo
2531 581 2675 644 Fla-

549 685 752 748 minio
782 687 1004 749 clausa
1032 685 1304 748 fulmine
1334 684 1483 747 icta.
1534 685 1776 749 Asculo
1806 707 1919 768 per
1949 684 2136 746 ludos
2167 682 2451 746 Romani
2482 685 2676 748 truci-

551 789 710 851 dati.
773 809 942 850 cum·
979 770 1058 850 ex
1105 788 1274 872 agris
1311 788 1386 850 in
1433 787 1664 871 ‘urbem
1717 801 1948 869 pecora,
2000 794 2413 868 armentaque
2457 785 2676 849 Latini

551 899 845 974 agerent,
896 902 1106 974 strage
1148 891 1485 954 hominum
1530 891 1771 974 passim
1808 890 1979 953 facta
2010 892 2301 952 armenta
2326 889 2397 951 in
2430 899 2679 951 tantam
2714 902 2769 950 5·

551 992 794 1055 rabiem
824 994 1142 1057 concitata
1174 1005 1350 1071 sunt,
1383 1004 1456 1057 ut
1486 996 1803 1058 uastando
1818 1015 1967 1057 suos
1984 993 2218 1059 hostile
2243 991 2673 1074 imaginaren-

553 1093 658 1157 tur
683 1096 929 1158 bellum
959 1095 1564 1181 †'lacrimantesque
1602 1096 1827 1160 multis
1868 1095 2199 1180 affectibus
2246 1094 2679 1158 calamitatem
2764 1155 2769 1158 .

551 1198 1004 1284 praesagirent·
1017 1199 1171 1262 suis,

411 1343 520 1397 55
558 1353 633 1414 L.
673 1351 845 1415 Iulio
874 1353 1145 1417 Caesare
1192 1356 1270 1417 P.
1308 1354 1562 1418 Rutilio
1607 1376 1770 1440 coss3
1820 1354 2091 1417 Metella
2116 1350 2399 1417 Caecilia
2430 1335 2678 1414 somnio
2774 1369 2781 1376 ·

333 1421 396 1504 [¹
419 1420 518 1505 ¹5]
554 1455 874 1516 Iunonem
907 1454 1233 1539 Sospitam
1263 1457 1772 1572 profugientem,
1808 1458 1979 1539 quod
2008 1451 2353 1519 immunde.
2376 1477 2493 1519 sua
2522 1465 2781 1518 tem-10

551 1556 660 1639 pla
689 1556 1132 1634 foedarentur,
1185 1582 1332 1623 cum
1375 1560 1508 1623 suis
1554 1558 1892 1643 precibus
1892 1581 2078 1642 aegre
2122 1569 2484 1622 reuocatam
2516 1556 2680 1620 dice-

553 1669 687 1734 ret,
723 1660 946 1732 aeden}
967 1672 1415 1734 matronarum
1447 1661 1717 1728 sordidis
1749 1654 2164 1744 obscenisque
2194 1659 2473 1743 corporis
2505 1659 2676 1722 coin-

554 1758 888 1842 quinatam
945 1763 1356 1842 ministeriis,
1420 1764 1492 1827 in
1539 1787 1666 1847 qua
1708 1763 1903 1827 etiam
1947 1764 2067 1826 sub
2126 1753 2468 1826 simulacro
2526 1763 2680 1826 deae

553 1861 763 1923 cubile
800 1864 976 1926 canis
1017 1867 1307 1930 confetae
1339 1878 1510 1943 erat,
1547 1867 2070 1954 commundatam
2102 1864 2688 1948 supplicationibus

553 1963 792 2027 habitis
837 1965 1110 2048 pristino
1157 1969 1481 2052 splendori
1524 1967 1827 2051 restituit.
1895 1985 1932 2030 a·
1976 1968 2355 2031 Picentibus
2400 1966 2683 2030 Romani
2718 1979 2785 2032 15

555 2065 818 2128 barbaro
848 2088 1024 2130 more
1055 2070 1440 2134 excruciati.¹
1504 2070 1742 2153 ubique
1783 2069 1854 2132 -in
1901 2070 2090 2132 Latio
2134 2071 2347 2135 clades
2396 2063 2675 2153 accepta.

471 2178 476 2184 ’
560 2166 853 2230 Rutilius
909 2169 1134 2252 Lupus
1179 2173 1410 2254 spretis
1456 2157 1875 2255 religionibus
1895 2219 1914 2247 ,
1977 2195 2125 2236 cum
2166 2173 2237 2235 111
2279 2171 2443 2234 extis
2484 2182 2683 2253 caput

559 2291 692 2332 non
721 2270 1080 2342 inuenisset
1109 2272 1426 2352 iocineriS,
1464 2276 1700 2360 amisso
1731 2275 2017 2344 exercitu
2046 2275 2113 2338 in
2145 2274 2385 2358 proelio
2410 2273 2677 2338 occisus.

345 2399 523 2563 [132]
561 2422 652 2503 Lss'
676 2442 854 2526 Sylla
880 2444 963 2510 Q.
993 2411 1309 2529 Pompeio
1327 2468 1491 2512 coss.·
1526 2420 1917 2551 Pompedius
1952 2429 2087 2511 Silo
2118 2447 2185 2510 in
2220 2446 2683 2551 oppidumJBQ-

445 2692 455 2703 ·
561 2684 578 2732 1
615 2681 992 2750 magnitudine
1003 2683 1171 2734 so'lem
1193 2683 1591 2753 oudendorpius
1618 2684 1635 2753 ΙΙ
1664 2686 1847 2739 Cumis
1866 2686 2139 2756 Scalzyer:
2167 2686 2319 2738 cuius
2336 2704 2369 2737 a
2396 2688 2412 2756 Η
2442 2684 2687 2739 3Asculo

557 2759 895 2828 Schefferus·
922 2760 1092 2831 Asylo
1109 2779 1143 2813 a
1170 2762 1186 2830 ΙΙ
1215 2766 1244 2813 4
1267 2762 1486 2815 Orosius
1503 2776 1557 2827 v,
1585 2763 1691 2817 18‘
1701 2766 1941 2819 omnium
1963 2782 2225 2835 generum
2250 2765 2520 2830 animalia,
2551 2783 2711 2835 quae-

556 2852 754 2887 manus
780 2830 1062 2895 hominum
1085 2836 1285 2890 blande
1311 2840 1519 2909 perpeti
1539 2849 1701 2911 atque
1718 2842 1860 2895 inter
1877 2843 2123 2896 homines
2136 2842 2325 2895 uiuere
2336 2834 2498 2897 solita
2514 2840 2684 2906 erant,

554 2913 757 2966 relictis
781 2899 1011 2967 stabulis
1034 2916 1356 2986 pascuisque
1397 2935 1518 2971 cum
1554 2921 1738 2973 balatu
1776 2922 1997 2974 hinnitu
2032 2921 2356 2995 mugituque
2394 2922 2689 2975 miserabili

555 2989 625 3041 ad
650 2989 815 3042 siluas
840 2999 1161 3063 montesque
1185 2992 1462 3062 fugerunt.
1505 3014 1665 3050 canes
1691 3015 1938 3067 quoque,
1970 3015 2208 3068 quorum
2239 3006 2464 3051 naturae
2488 3006 2571 3052 est
2595 3016 2686 3051 ex-

554 3076 641 3121 tra
663 3069 910 3123 homines
936 3089 1052 3123 esse
1076 3089 1187 3123 non
1213 3089 1401 3142 posse,
1455 3075 1753 3129 lacrimosis
1792 3076 2093 3130 ululatibus
2135 3077 2264 3144 uagi
2298 3076 2551 3146 luporum
2576 3077 2687 3129 ritu

557 3144 913 3199 oberrarunt?
952 3148 1291 3217 ,daque-tinus
1327 3150 1390 3203 de
1425 3150 1643 3206 muitate
1667 3153 1755 3206 dei
1776 3158 1989 3215 111‚23
2022 3151 2203 3207 ‘antea
2228 3171 2389 3222 quam
2414 3172 2471 3206 se
2496 3155 2687 3207 aduer-

555 3240 648 3275 sus
672 3222 902 3294 Romam
941 3225 1136 3276 sociale
1187 3224 1407 3279 Latium
1457 3238 1850 3294 commoueret,
1909 3238 2105 3285 cuncta
2152 3232 2405 3284 animal-ia
2440 3234 2691 3286 humanis

555 3298 744 3351 usibus
769 3288 1004 3364 subdita,
1037 3319 1196 3355 canes
1221 3303 1347 3374 equi
1373 3304 1511 3357 asini
1536 3306 1705 3359 boues
1731 3313 1786 3359 et
1812 3324 2056 3377 quaeque
2092 3307 2199 3359 alia
2236 3325 2433 3377 pecora
2466 3308 2567 3361 sub
2592 3309 2689 3361 ho-

555 3376 764 3429 minum
800 3379 1042 3431 dominio
1077 3381 1315 3445 fuerunt,
1343 3380 1526 3434 subito
1552 3371 1769 3433 efferata
1794 3388 1851 3433 et
1884 3382 2209 3435 domesticae
2246 3382 2485 3435 lenitatis
2515 3383 2691 3437 oblita

553 3453 759 3505 relictis
785 3455 942 3506 tectis
968 3454 1138 3508 libera
1163 3458 1506 3526 uagabantur
1523 3464 1589 3509 et
1612 3474 1827 3514 omnem
1852 3475 1963 3511 non
2004 3459 2178 3512 solum
2216 3460 2540 3525 alienorum,
2597 3479 2691 3514 ue-

553 3551 676 3585 rum
701 3532 863 3585 etiam
890 3534 1233 3589 dominorum
1259 3538 1649 3590 auersabantur
1671 3552 1943 3590 accessum
1968 3556 2078 3595 non
2104 3539 2221 3592 sine
2244 3540 2411 3593 exitio
2435 3540 2526 3593 uel
2549 3542 2689 3610 peri-

555 3612 985 3676 culo'audentis,
1017 3614 1063 3665 si
1087 3614 1209 3683 quis
1237 3614 1304 3667 de
1329 3614 1577 3685 proximo
1604 3613 1856 3685 urgeret?
1888 3615 1905 3684 ΙΙ
1935 3620 1964 3667 5
2003 3624 2183 3686 strage
2220 3617 2445 3687 scripsi.-
2482 3625 2693 3688 strages

555 3708 589 3743 α
616 3690 633 3759 Η
661 3694 693 3743 6
719 3708 846 3743 num
871 3690 1068 3744 sociale
1094 3692 1122 3745 3
1147 3692 1164 3761 ss
1193 3696 1222 3743 7
1249 3692 1539 3746 affiictibus
1584 3692 1985 3761 Oudendovpius
2011 3694 2028 3762 ΙΙ
2060 3697 2121 3746 12
2147 3695 2336 3749 aedem
2368 3728 2421 3735 -
2446 3696 2691 3766 coinqui-

555 3778 737 3824 natam
765 3802 828 3841 ‚—
855 3770 912 3823 in
937 3789 1048 3845 qua
1065 3801 1136 3812 ·—
1163 3774 1601 3827 commundatam
1634 3773 2037 3842 Oudendorpt'us
2052 3794 2071 3825 .·
2107 3790 2330 3843 gregem
2352 3804 2424 3813 —
2448 3773 2693 3844 coinqui-

555 3860 743 3905 natum
769 3880 834 3890 -—-
861 3851 919 3903 in
945 3869 1054 3921 quo
1081 3882 1146 3892 ——
1171 3853 1619 3905 commundatum
1642 3870 1676 3904 a
1702 3851 1719 3921 ΙΙ
1752 3855 1813 3904 13
1838 3852 2129 3905 menstruis
2139 3852 2401 3909 Heinsius,
2428 3853 2445 3922 [Ι
2477 3856 2540 3905 14
2566 3870 2691 3907 0011-

557 3933 700 3985 fetae
725 3939 840 3985 erat
865 3932 1170 4000 Schefferus
1185 3952 1203 3983 .·
1229 3924 1654 3985 confoetuerata
1679 3932 1697 4001 ss
1730 3934 1791 3983 15
1808 3930 2083 4001 splendori
2099 3932 2457 4000 Lyco-sthenes
2472 3932 2693 4003 .·]splen-

559 4012 690 4066 dore
729 4030 762 4063 a
801 4010 819 4077 11
862 4014 924 4063 16
957 4016 1178 4080 accepta
1202 4010 1540 4079 Sehqfferus:
1578 4026 1803 4063 accensa
1826 4028 1859 4061 a
1886 4009 1903 4078 ΙΙ
1936 4012 1995 4060 17
2023 4009 2269 4073 Butilius
2294 4009 2693 4063 Freinshemius

559 4088 632 4139 ad
662 4088 888 4149 Florum
923 4099 1028 4149 111,
1077 4090 1167 4149 18,
1221 4090 1311 4139 122
1375 4086 1618 4139 Lucilius
1656 4104 1689 4138 α
1716 4086 1732 4154 ᾖ
1766 4089 1826 4137 19
1863 4086 2193 4155 Pompedius
2238 4087 2353 4140 Silo
2387 4087 2603 4141 Vossius
2626 4088 2699 4140 ad

573 4166 827 4218 Velleium
853 4176 920 4226 11,
957 4166 1016 4215 16
1039 4184 1051 4215 :
1079 4163 1371 4233 Pompeius
1397 4162 1528 4233 Sylo
1561 4181 1595 4215 a
1620 4164 1637 4232 ΙΙ
