3052 4823
522 322 602 385 70
1391 340 1773 384 anoanE
1864 322 1879 329 ’

515 501 615 555 ret
644 492 973 555 Romanos
1003 489 1184 553 uinci
1225 512 1360 553 non
1400 512 1625 574 posse,
1682 511 1719 551 a
1758 486 2056 569 Boiorige
2074 534 2093 562 ,
2142 486 2340 549 feroci
2380 485 2646 561 iuuene,

519 592 766 657 occisus
797 601 914 656 est.
937 587 1047 657 {fab
1076 592 1280 655 isdem
1309 592 1603 657 hostibus
1634 592 1757 654 Cn.
1796 588 2086 653 Manlius
2116 610 2244 652 cos.
2283 599 2347 651 et
2379 590 2463 656 Q.
2502 588 2651 651 Ser-

519 692 716 757 uilius
747 658 987 776 Caepio
1015 716 1258 777 procos
1295 693 1456 757 uicti
1496 693 1739 775 proelio
1780 690 2002 755 castris
2049 712 2305 775 quoque
2334 688 2507 751 binis
2540 710 2653 750 ex·

521 794 623 857 uti
654 805 842 871 sunt,
885 795 1170 858 militum
1199 795 1380 858 milia
1409 794 1740 878 octogiuta
1769 792 2010 869 occisa,
2057 793 2354 855 calonum
2388 800 2453 853 et
2481 790 2647 853 lixa-

519 916 665 959 rum
693 917 783 959 ΧΙ,
814 899 1168 960 secundum
1197 896 1649 960 Arausionem.
1686 894 2052 977 CaepioniS,
2088 894 2273 956 cuius
2290 893 2655 955 temeritate
2688 906 2722 953 5

521 997 732 1060 clades
765 1007 1024 1079 accepta
1053 1007 1211 1073 erat,
1249 998 1541 1061 damnati
1569 998 1741 1060 bona
1763 995 2092 1079 publicata
2114 1006 2268 1058 sunt
2289 995 2481 1077 primi
2504 1003 2653 1076 post

518 1120 734 1181 regem
767 1098 1192 1180 Tarquinium
1215 1098 1683 1183 imperiumque
1707 1096 1767 1161 ei
1790 1099 2188 1180 abrogatum.
2225 1096 2297 1160 in
2321 1096 2652 1178 triumpho

521 1202 599 1265 C.
651 1199 821 1263 Mari
862 1202 1096 1263 ductus
1140 1210 1290 1262 ante
1345 1221 1607 1261 currum
1662 1199 1801 1262 cius
1843 1199 2163 1283 Iugurtha
2206 1220 2356 1261 cum
2398 1199 2651 1260 duobus

518 1301 672 1365 filiis
705 1311 769 1364 et
798 1302 869 1364 in
899 1322 1144 1364 carcere
1173 1310 1441 1363 necatus
1473 1312 1593 1364 est.
1667 1302 1915 1364 Marius
1958 1299 2337 1382 triumphali
2367 1309 2547 1362 ueste
2577 1298 2649 1361 in

523 1414 821 1467 senatum
845 1402 1063 1479 uenit,
1099 1405 1270 1485 quod
1299 1425 1489 1467 nemo
1521 1412 1673 1466 ante
1704 1425 1854 1465 eum
1883 1404 2142 1479 fecerat,
2178 1402 2364 1485 eique
2393 1410 2654 1485 propter
2690 1412 2759 1461 10

520 1516 770 1569 metum
799 1504 1107 1569 Cimbrici
1133 1505 1292 1569 belli
1319 1505 1733 1568 continuatus
1775 1526 1890 1587 per
1930 1506 2265 1586 conplures
2308 1525 2511 1566 annos
2553 1512 2653 1565 est

523 1608 920 1670 consulatus,
971 1609 1254 1671 secundo
1284 1617 1348 1669 et
1392 1605 1582 1669 tertio
1623 1607 1852 1669 absens
1897 1606 2125 1669 consul
2166 1615 2417 1669 creatus
2461 1627 2649 1688 quar-

521 1718 667 1769 tum
697 1709 1106 1793 consulatum
1134 1707 1613 1771 dissimulanter
1642 1717 1907 1790 captans
1939 1718 2319 1771 consecutus
2349 1717 2467 1769 est.
2519 1707 2619 1769 Cn
2630 1714 2650 1769 .'

521 1807 854 1872 Domitius
881 1819 1064 1891 pont.
1101 1830 1275 1871 max.
1309 1810 1536 1891 populi
1566 1810 1870 1893 suffiagio
1900 1818 2150 1871 creatus
2195 1818 2314 1871 est.
2394 1808 2644 1871 Cimbri

521 1909 795 1972 uastatis
825 1909 1124 1973 omnibus
1155 1932 1316 1992 quae
1347 1910 1518 1974 inter
1546 1912 1942 1975 Rhodanum
1972 1922 2037 1974 et
2066 1913 2470 1994 Pyrenaeum
2500 1920 2655 1973 sunt
2690 1923 2758 1972 15

521 2031 635 2092 per
665 2009 904 2073 saltum
931 2010 1003 2072 in
1032 2004 1427 2095 Hispaniam
1458 2012 1842 2096 transgressi
1869 2012 2087 2094 ibique
2130 2012 2340 2075 multa
2368 2012 2511 2074 loca
2536 2032 2649 2093 po-

521 2109 732 2193 pulati
762 2133 800 2173 a
829 2111 1167 2189 Celtiberis
1197 2113 1406 2196 fugati
1446 2125 1633 2191 sunt,
1681 2114 2046 2197 reuersique
2112 2113 2184 2175 in
2244 2113 2530 2177 Galliam
2585 2112 2657 2175 in

522 2210 676 2273 belli
706 2233 892 2276 casus
925 2235 992 2276 se
1024 2214 1336 2279 Teutonis
1368 2214 1867 2279 coniunxerunt.

1224 2451 1352 2512 EX
1398 2452 1491 2514 LI
1501 2454 1577 2513 Β.
1628 2449 1954 2552 LXVIlI.

523 2615 618 2678 M.
639 2616 963 2681 Antonius
977 2629 1232 2705 praetor
1243 2620 1314 2683 in
1332 2621 1630 2684 Ciliciam
1658 2618 2037 2704 [maritimos
2059 2620 2411 2702 praedones
2435 2617 2503 2681 id
2526 2618 2647 2703 est]
2686 2630 2757 2681 20

521 2715 760 2798 piratas
791 2731 1162 2800 persecutus
1195 2732 1311 2784 est.
1365 2723 1440 2785 C.
1471 2721 1723 2784 Marius
1748 2741 1876 2783 cos,
1908 2741 2164 2782 summa
2185 2718 2255 2781 ui
2280 2730 2651 2804 oppugnata

523 2837 562 2878 a
592 2818 904 2881 Teutonis
934 2830 1001 2882 et
1027 2821 1465 2886 Ambronibus
1498 2832 1706 2885 castra
1743 2821 2051 2884 defendit.
2124 2823 2375 2885 duobus
2421 2821 2652 2885 deinde

520 2917 779 3000 proeliis
809 2918 978 2982 circa
1007 2923 1226 3004 Aquas
1259 2923 1514 2986 Sextias
1547 2925 1804 2987 eosdem
1833 2923 2050 2987 hostes
2082 2922 2360 2999 deleuit,
2410 2923 2481 2986 in
2512 2923 2650 3006 qui-

520 3019 642 3082 bus
673 3041 857 3084 caesa
885 3025 1229 3087 traduntur
1272 3025 1561 3089 hostium
1590 3046 1693 3102 cc,
1744 3035 1933 3108 capta
1972 3047 2077 3090 xc.
2130 3025 2378 3088 Marius
2422 3012 2650 3087 absens

523 3121 826 3202 quintum
886 3126 1112 3188 consul
1155 3138 1406 3192 creatus
1451 3137 1570 3192 est.
1646 3127 2049 3211 triumphum
2110 3127 2401 3189 oblatum
2450 3128 2654 3189 donec
2686 3138 2755 3189 25

521 3231 586 3283 et
616 3222 908 3288 Cimbros
939 3225 1226 3291 uinceret
1258 3229 1533 3294 distulit.
1596 3229 1841 3293 Cimbri
1872 3251 2021 3291 cum
2063 3229 2321 3313 repulso
2352 3230 2431 3292 ab
2468 3227 2650 3310 Alpi-

527 3433 547 3481 1
587 3431 809 3484 minime
847 3452 878 3486 r
905 3434 923 3503 Ι]
948 3434 1205 3506 Boidrige
1238 3438 1640 3492 Freinshemius
1676 3441 1749 3492 ad
1782 3441 2008 3493 Florum
2042 3452 2151 3504 ΙΙΙ,
2198 3442 2359 3503 3,18.·
2395 3440 2654 3510 bolorege

517 3521 632 3572 Νςν
658 3510 675 3579 ΙΙ
703 3514 732 3563 2
758 3509 958 3565 marius
995 3526 1078 3575 Νς
1105 3516 1121 3583 ΙΙ
1149 3532 1258 3567 coe.
1301 3535 1384 3568 om
1424 3535 1456 3568 r
1481 3519 1498 3586 {l
1529 3522 1557 3570 3
1597 3519 1947 3587 proconsules
1988 3536 2020 3569 r
2045 3518 2063 3587 ΙΙ
2090 3522 2121 3570 4
2159 3511 2471 3587 octuaginta
2503 3518 2655 3572 milia

518 3593 755 3647 militum
779 3612 810 3647 r
834 3597 852 3666 ΙΙ
882 3601 911 3648 5
949 3598 1308 3651 Arausionem
1354 3602 1688 3654 Gronouius:
1727 3599 2110 3672 aprausionum
2144 3615 2219 3666 N,
2262 3621 2295 3654 a
2328 3621 2419 3672 po,
2446 3620 2528 3656 16.
2556 3620 2651 3657 an-

520 3671 726 3724 sionem
747 3689 840 3741 93,
871 3690 961 3742 po.
989 3690 1070 3726 16.
1099 3674 1394 3728 iussionem
1419 3694 1450 3729 r
1476 3678 1493 3748 Η
1521 3682 1553 3730 6
1578 3678 1859 3748 primoque
1885 3697 1916 3730 r
1942 3679 1959 3748 ΙΙ
1988 3683 2015 3731 7
2057 3696 2164 3748 que
2202 3697 2283 3730 om
2311 3696 2342 3731 r
2368 3680 2384 3748 ΙΙ
2412 3682 2443 3731 9
2475 3695 2649 3730 carce-

518 3767 632 3802 rem
655 3761 706 3802 N
726 3750 745 3821 fl
771 3758 855 3804 est
878 3769 1006 3804 omr
1031 3751 1049 3820 Η
1081 3755 1136 3804 11
1164 3770 1325 3822 quam
1350 3754 1533 3822 plures
1559 3773 1624 3818 ςν
1650 3755 1667 3826 {l
1694 3773 1865 3808 annos
1889 3757 2202 3810 triumfatus
2228 3763 2313 3808 est
2337 3757 2652 3810 consulatus

517 3839 580 3892 Ν,
611 3845 782 3880 annos
809 3829 1122 3884 consulatus
1149 3836 1232 3884 est
1256 3834 1543 3886 consulatu
1564 3852 1657 3904 93,
1687 3852 1858 3887 annos
1884 3835 2235 3904 magistratus
2260 3840 2345 3886 est
2368 3834 2655 3887 consulatu

518 3925 550 3958 r
575 3907 592 3976 ss
624 3911 685 3960 14
711 3907 966 3962 cimbrius
989 3921 1040 3962 N
1061 3911 1078 3980 ss
1111 3913 1167 3961 17
1195 3909 1253 3962 in
1275 3908 1408 3962 belli
1433 3927 1589 3964 casus
1618 3911 2020 3978 Oudendorpius
2046 3911 2118 3961 ad
2158 3910 2348 3980 obseq.
2396 3913 2492 3962 103
2512 3931 2530 3962 .·
2570 3911 2651 3962 111-

518 3985 1062 4042 bellicosiseteutonis
1085 4000 1160 4052 N,
1189 3988 1246 4041 111
1270 3988 1542 4042 bellicosis
1568 4007 1625 4041 se
1654 3987 1895 4040 teutonis
1914 4005 2007 4055 93,
2035 3987 2309 4040 bellicosis
2335 3987 2557 4058 quidem
2594 4005 2651 4040 se

517 4066 779 4119 Teutonis
802 4084 834 4119 r
859 4068 876 4136 ss
905 4070 969 4119 20
993 4067 1063 4119 A.
1079 4066 1354 4120 Antonius
1379 4083 1410 4118 r
1435 4067 1452 4136 ΙΙ
1480 4065 1705 4120 siciliam
1726 4081 1819 4134 93,
1850 4064 2081 4118 Siciliar
2106 4065 2125 4132 ΙΙ
2152 4065 2210 4118 id
2235 4073 2318 4118 est
2341 4066 2542 4135 piratas
2567 4083 2653 4118 om

521 4159 586 4202 ςν
611 4142 629 4210 n
657 4146 721 4196 23
736 4144 926 4198 sestias
942 4157 1020 4198 Nr
1045 4145 1062 4214 ΙΙ
1089 4163 1182 4198 eos
1198 4164 1264 4210 ςν
1289 4146 1306 4216 ΙΙ
1333 4149 1398 4198 25
1417 4145 1706 4216 quinquies
1719 4156 1803 4206 Νς
1828 4144 1846 4214 ΙΙ
1874 4146 1939 4198 26
1966 4150 2119 4198 etom
2146 4163 2212 4208 ςν
2237 4146 2255 4215 Ι]
2284 4161 2407 4198 611111
2432 4163 2519 4199 om
2544 4157 2611 4208 gr
2637 4145 2655 4214 ΙΙ
