3052 4823
1217 369 1281 410 T.
1317 369 1459 412 121v1
1493 369 1775 410 11-1111,
2274 415 2277 420 ,
2523 347 2562 407 9

429 519 608 581 deste
641 539 710 581 se
740 517 811 581 in
842 540 916 581 eo
947 519 1187 582 honore
1217 517 1581 602 gessissent·
1598 529 1664 580 et
1693 519 1775 581 ob
1806 516 1874 580 id
1902 516 1971 580 in
2006 517 2280 581 alterum
2309 537 2563 601 quoque

431 643 678 684 annum
707 621 986 684 eundem
1016 642 1154 684 esse
1179 619 1640 704 magistratum
1666 619 2049 703 placuisset,
2096 619 2346 682 duabus
2378 620 2561 682 tabu-

429 723 510 787 lis
542 725 625 786 ad
670 725 892 786 decem
939 722 1206 787 adiectis
1254 745 1404 785 cum
1447 721 1781 805 complura
1822 721 2192 804 inpotenter
2233 721 2558 797 fecissent,

430 825 883 909 magistratum
912 825 1263 888 noluerunt
1295 825 1611 907 deponere
1643 833 1707 886 et
1742 823 1813 885 in
1844 823 2107 885 tertium
2137 845 2382 886 annum
2411 823 2561 886 reti-

368 941 398 988 5
427 935 736 1002 nuerunt,
772 928 974 989 donec
1004 925 1219 988 inuiso
1249 947 1470 989 eorum
1513 924 1783 1008 imperio
1825 928 2024 988 finem
2082 925 2318 988 adtulit
2360 924 2563 987 libido

432 1029 560 1110 Ap.
599 1027 880 1091 Claudii.
932 1027 1044 1111 qui
1074 1049 1224 1090 cum
1266 1028 1339 1094 in
1385 1049 1667 1090 amorem
1709 1025 2045 1110 Virginiae
2086 1026 2359 1110 uirginis
2402 1025 2561 1088 inci-

431 1129 668 1206 disset,
707 1129 1048 1192 summisso
1066 1178 1086 1206 ,
1121 1129 1234 1212 qui
1263 1151 1406 1192 eam
1435 1129 1506 1191 in
1538 1129 1919 1192 seruitutem
1960 1138 2242 1213 peteret,
2289 1127 2563 1191 necessi-

430 1241 632 1295 tatem
663 1231 834 1314 patri
864 1231 1002 1308 eius
1035 1231 1334 1315 Virginio
1376 1231 1685 1315 inposuit.
1760 1240 1947 1314 rapto
1987 1253 2069 1309 ex
2110 1231 2379 1293 taberna
2417 1251 2561 1312 pro-

431 1333 610 1396 xima
639 1333 846 1396 cultro
876 1333 1080 1396 filiam
1112 1333 1347 1396 occidit
1365 1381 1384 1409 ,
1419 1355 1569 1395 cum
1600 1333 1786 1396 aliter
1817 1333 1982 1396 effici
2024 1355 2159 1396 non
2204 1342 2421 1415 posset
2480 1354 2563 1394 ne

335 1448 398 1497 10
428 1435 500 1498 in
528 1444 913 1519 potestatem
941 1444 1239 1518 stuprum
1282 1434 1552 1498 inlaturi
1594 1435 1867 1498 ueniret.
1946 1435 2068 1498 hoc
2112 1445 2250 1496 tam
2288 1455 2564 1516 magnae

336 1539 345 1547 '
429 1537 727 1600 luxuriae
757 1537 1052 1619 exemplo
1081 1536 1266 1620 pleps
1310 1537 1635 1608 concitata
1675 1545 1961 1600 montem
1986 1535 2415 1599 Auentinum
2461 1557 2562 1599 00-

434 1639 698 1723 cupauit
751 1639 1085 1722 coegitque
1123 1639 1518 1702 decemuiros
1564 1638 1855 1701 abdicare
1908 1660 1974 1701 se
2018 1637 2422 1722 magistratu.
2484 1659 2565 1700 ex
2652 1640 2659 1645 ’

444 1741 676 1825 quibus
706 1740 960 1824 Appius
978 1789 1000 1817 ,
1035 1740 1148 1823 qui
1175 1739 1515 1824 praecipue
1544 1762 1822 1823 poenam
1852 1751 2203 1816 meruerat,
2238 1739 2311 1801 in
2354 1760 2561 1802 carce-
2602 1757 2607 1760 ·

432 1866 568 1907 rem
613 1842 942 1906 coniectus
995 1852 1092 1905 est
1110 1891 1131 1919 ,
1183 1842 1377 1905 ceteri
1405 1842 1476 1904 in
1519 1843 1789 1906 exilium
1834 1851 1985 1905 sunt
2030 1843 2179 1906 acti.
2243 1865 2343 1906 res
2382 1864 2562 1925 prae-

335 1957 398 2006 15
430 1954 604 2008 terea
631 1954 856 2008 contra
887 1945 1160 2009 Sabinos
1190 1955 1254 2007 et
1284 1945 1560 2009 Vulscos
1588 1967 1885 2028 prospere
1915 1955 2129 2028 gestas
2169 1944 2456 2008 continet
2499 1954 2564 2007 et

432 2068 664 2130 parum
693 2046 1036 2110 honestum
1064 2046 1289 2130 populi
1319 2047 1602 2110 Romani
1642 2047 1978 2110 iudicium.
2016 2047 2127 2130 qui
2155 2047 2353 2111 iudex
2397 2047 2564 2110 inter

435 2151 744 2212 Ardeates
774 2159 840 2211 et
883 2148 1178 2212 Aricinos
1223 2159 1519 2232 sumptus
1566 2171 1793 2233 agrum
1827 2151 1906 2213 de
1950 2171 2078 2232 quo
2124 2149 2566 2233 ambigebatur

435 2251 560 2314 sibi
594 2249 1012 2315 adiudicauit.
1205 2247 1211 2252 ’

1211 2488 1341 2550 EX
1386 2488 1538 2549 LIB
1552 2534 1565 2547 .
1618 2488 1791 2549 IIII.

337 2686 406 2736 20
435 2674 576 2737 Lex
605 2675 686 2736 de
729 2672 1006 2738 conubio
1049 2683 1308 2759 patrum
1359 2684 1425 2738 et
1473 2674 1683 2758 plebis
1736 2696 1775 2736 a
1826 2672 2101 2755 tribunis
2154 2672 2567 2737 contentione

435 2797 672 2859 mag-na
698 2776 990 2858 patribus
1020 2777 1534 2859 repugnantibus
1574 2778 1823 2859 perlata
1869 2787 1988 2861 est.
2061 2776 2310 2839 tribuni
2340 2818 2395 2845 2„
2433 2776 2567 2858 ple-

433 2876 555 2941 bis.
607 2878 868 2962 aliquod
899 2900 1102 2941 annos
1131 2901 1230 2941 res
1259 2879 1486 2963 populi
1516 2878 1800 2942 Romani
1829 2878 2003 2941 domi
2032 2878 2428 2961 militiaeque
2456 2900 2569 2960 per

434 2979 558 3042 hoc
591 3002 796 3063 genus
836 2980 1252 3063 magistratus
1305 2981 1789 3045 administratae
1837 2989 2012 3043 sunt.
2076 2979 2232 3043 item
2276 3002 2569 3042 censores

434 3089 590 3143 tunc
620 3080 903 3164 primum
946 3081 1142 3144 creati
1191 3092 1365 3144 sunt.
1435 3104 1585 3165 ager
1628 3082 2018 3145 Ardeatibus
2062 3081 2287 3164 populi
2330 3080 2571 3143 iudicio

335 3193 404 3243 25
437 3183 689 3245 ablatus
755 3182 969 3245 missis
1033 3182 1104 3244 in
1161 3205 1311 3246 eum
1355 3183 1601 3247 colonis
1644 3184 1979 3247 restitutus
2025 3193 2143 3245 est.
2210 3204 2358 3244 oum
2401 3182 2571 3245 fame

435 3284 715 3366 populus
746 3286 1083 3347 Romanus
1112 3284 1450 3363 laboraret,
1493 3285 1767 3369 Spurius
1794 3284 2074 3349 Maelius
2109 3306 2301 3368 eques
2331 3286 2570 3348 Roma-

433 3407 558 3447 nus
589 3384 989 3449 frumentum
1018 3387 1259 3469 populo
1290 3410 1410 3451 sua
1451 3387 1728 3472 inpensa
1770 3388 2041 3472 largitus
2072 3398 2169 3451 est
2189 3435 2209 3464 ,
2273 3398 2337 3451 et
2382 3388 2463 3451 ob
2508 3385 2575 3449 id

438 3652 458 3701 1
491 3667 556 3703 eo
583 3668 667 3703 om
692 3669 723 3703 r
749 3652 767 3722 11
795 3655 825 3703 2
851 3651 1144 3721 placuisset
1188 3652 1401 3708 duabus
1433 3655 1637 3708 tabulis
1676 3674 1761 3709 om
1792 3669 1845 3708 N
1877 3658 1895 3727 11
1934 3661 1963 3709 5
2007 3656 2187 3709 inuiso
2225 3656 2576 3709 Drakenbor-

433 3725 581 3779 chius
601 3748 619 3778 .·
657 3727 834 3783 inuito
876 3740 991 3793 Νςν
1015 3730 1033 3799 11
1062 3736 1094 3784 6
1131 3747 1313 3783 amore
1346 3743 1396 3784 N
1418 3732 1435 3802 11
1461 3732 1743 3802 virginiae
1781 3752 1866 3785 om
1890 3751 1921 3785 r
1947 3733 1964 3803 11
1994 3737 2021 3785 7
2050 3750 2261 3786 summo
2293 3744 2339 3784 N
2366 3732 2382 3799 11
2410 3732 2577 3783 serui-

433 3809 552 3857 tute
576 3818 627 3859 N
648 3807 666 3875 11
695 3810 725 3859 8
749 3808 954 3877 patriae
978 3821 1029 3861 Ν
1049 3808 1068 3878 11
1095 3811 1126 3859 9
1158 3809 1334 3862 cultro
1358 3817 1423 3863 ut
1459 3810 1627 3864 filiam
1651 3812 1985 3865 interimeret
2008 3830 2040 3863 r
2066 3811 2083 3880 11
2110 3810 2268 3863 aliter
2293 3827 2411 3862 eam
2436 3809 2578 3862 tueri

435 3897 468 3931 r
491 3882 510 3952 11
541 3886 602 3934 10
626 3901 825 3953 magno
857 3907 892 3948 ς
917 3886 934 3955 11
965 3888 1022 3938 11
1053 3886 1279 3941 incitata
1313 3906 1344 3940 r
1369 3888 1389 3958 11
1420 3892 1480 3941 13
1507 3889 1722 3958 Appius
1748 3896 1804 3942 et
1840 3888 1983 3941 unus
2010 3888 2341 3958 collegarum
2368 3904 2399 3937 r
2425 3888 2443 3952 11
2468 3904 2578 3938 me-

431 3967 654 4014 ruerant
676 3980 706 4014 r
731 3964 748 4033 11
777 3981 986 4017 carcere
1009 3977 1062 4017 N
1083 3966 1099 4034 11
1131 3967 1192 4015 14
1213 3963 1443 4016 coniecti
1474 3963 1579 4033 (om
1604 3966 1705 4035 est)
1738 3983 1769 4017 r
1794 3966 1812 4035 11
1840 3973 1969 4017 sunt
1995 3983 2079 4017 om
2119 3981 2184 4025 ςν
2210 3964 2226 4033 11
2255 3967 2319 4015 20
2346 3963 2580 4016 tribunis
2657 3959 2665 3968 ’

430 4036 605 4105 plebis
629 4055 660 4089 r
685 4037 703 4107 11
731 4042 793 4091 21
835 4057 865 4093 a
902 4040 994 4092 tri.
1020 4041 1098 4110 pl.
1126 4058 1184 4103 r,
1212 4039 1419 4092 tribuni
1453 4039 1715 4092 militares
1755 4044 2021 4093 Gruterus
2058 4040 2077 4110 11
2114 4045 2180 4093 22
2222 4040 2430 4111 aliquid
2466 4043 2556 4111 Ν11

432 4116 588 4169 annis
615 4135 681 4182 ςν
706 4118 723 4187 11
749 4118 1088 4189 miliciaeque
1111 4131 1158 4172 N
1195 4120 1214 4189 11
1253 4122 1318 4171 24
1356 4119 1687 4172 Ardeatibus
1723 4120 1948 4173 Delrius
1962 4140 1981 4171 .·
2018 4120 2351 4179 Ardeatinus
2386 4133 2501 4184 Ngr
2538 4120 2557 4190 11

433 4194 640 4247 romani
665 4197 854 4265 populi
881 4216 946 4259 ςν
971 4198 990 4267 11
1017 4202 1080 4250 27
1107 4198 1164 4249 id
1189 4216 1272 4250 om
1295 4211 1347 4252 N
1367 4198 1384 4268 11
1868 4224 1875 4231 ·
