<?xml version="1.0" encoding="UTF-8"?>
<!DOCTYPE html PUBLIC "-//W3C//DTD XHTML 1.0 Transitional//EN"
    "http://www.w3.org/TR/xhtml1/DTD/xhtml1-transitional.dtd">
<html xmlns="http://www.w3.org/1999/xhtml" xml:lang="en" lang="en">
 <head>
  <title>
</title>
<meta http-equiv="Content-Type" content="text/html;charset=utf-8" />
  <meta name='ocr-system' content='tesseract 3.04.00' />
  <meta name='ocr-capabilities' content='ocr_page ocr_carea ocr_par ocr_line ocrx_word'/>
</head>
<body>
  <div class='ocr_page' id='page_1' title='image "./tliviaburbecond00jahngoog_0107.png"; bbox 0 0 3052 4823; ppageno 0'>
   <div class='ocr_carea' id='block_1_1' title="bbox 544 324 1797 386">
    <p class='ocr_par' dir='ltr' id='par_1_1' title="bbox 544 324 1797 386">
     <span class='ocr_line' id='line_1_1' title="bbox 544 324 1797 386; baseline 0 -2"><span class='ocrx_word' id='word_1_1' title='bbox 544 324 624 384; x_wconf 87' lang='grc'>76</span> <span class='ocrx_word' id='word_1_2' title='bbox 1412 342 1797 386; x_wconf 81' lang='lat' dir='ltr'>PERIOCHAE</span> 
     </span>
    </p>
   </div>
   <div class='ocr_carea' id='block_1_2' title="bbox 1242 526 1966 610">
    <p class='ocr_par' dir='ltr' id='par_1_2' title="bbox 1242 526 1966 610">
     <span class='ocr_line' id='line_1_2' title="bbox 1242 526 1966 610; baseline -0.004 -21"><span class='ocrx_word' id='word_1_3' title='bbox 1242 526 1369 589; x_wconf 87' lang='lat' dir='ltr'>EX</span> <span class='ocrx_word' id='word_1_4' title='bbox 1415 526 1591 610; x_wconf 67' lang='grc' dir='ltr'>ΜΒ,</span> <span class='ocrx_word' id='word_1_5' title='bbox 1643 526 1966 589; x_wconf 80' lang='lat' dir='ltr'><strong>LXXVI.</strong></span> 
     </span>
    </p>
   </div>
   <div class='ocr_carea' id='block_1_3' title="bbox 537 693 2771 1932">
    <p class='ocr_par' dir='ltr' id='par_1_3' title="bbox 537 693 2771 1932">
     <span class='ocr_line' id='line_1_3' title="bbox 538 693 2669 781; baseline 0.001 -24"><span class='ocrx_word' id='word_1_6' title='bbox 538 695 750 758; x_wconf 85' lang='lat' dir='ltr'>Aulus</span> <span class='ocrx_word' id='word_1_7' title='bbox 802 693 1122 758; x_wconf 75' lang='lat' dir='ltr'>Gabinius</span> <span class='ocrx_word' id='word_1_8' title='bbox 1162 693 1413 776; x_wconf 86' lang='lat' dir='ltr'>legatus</span> <span class='ocrx_word' id='word_1_9' title='bbox 1457 696 1646 758; x_wconf 89' lang='lat' dir='ltr'>rebus</span> <span class='ocrx_word' id='word_1_10' title='bbox 1677 696 1982 758; x_wconf 87' lang='lat' dir='ltr'>aduersus</span> <span class='ocrx_word' id='word_1_11' title='bbox 2026 695 2323 758; x_wconf 88' lang='lat' dir='ltr'>Lucanos</span> <span class='ocrx_word' id='word_1_12' title='bbox 2370 718 2669 781; x_wconf 82' lang='lat' dir='ltr'>prospere</span> 
     </span>
     <span class='ocr_line' id='line_1_4' title="bbox 538 795 2671 879; baseline 0 -20"><span class='ocrx_word' id='word_1_13' title='bbox 538 795 737 879; x_wconf 87' lang='lat' dir='ltr'>gestis</span> <span class='ocrx_word' id='word_1_14' title='bbox 769 807 833 858; x_wconf 89' lang='lat' dir='ltr'>et</span> <span class='ocrx_word' id='word_1_15' title='bbox 861 795 1155 878; x_wconf 83' lang='lat' dir='ltr'><strong>plurimis</strong></span> <span class='ocrx_word' id='word_1_16' title='bbox 1187 795 1436 877; x_wconf 87' lang='lat' dir='ltr'>oppidis</span> <span class='ocrx_word' id='word_1_17' title='bbox 1470 795 1857 878; x_wconf 80' lang='lat' dir='ltr'>expugnatis</span> <span class='ocrx_word' id='word_1_18' title='bbox 1882 795 1952 858; x_wconf 89' lang='lat' dir='ltr'>in</span> <span class='ocrx_word' id='word_1_19' title='bbox 1978 796 2309 859; x_wconf 86' lang='lat' dir='ltr'>obsidione</span> <span class='ocrx_word' id='word_1_20' title='bbox 2332 797 2671 860; x_wconf 90' lang='lat' dir='ltr'>hostilium</span> 
     </span>
     <span class='ocr_line' id='line_1_5' title="bbox 537 897 2669 982; baseline 0.001 -23"><span class='ocrx_word' id='word_1_21' title='bbox 537 907 891 961; x_wconf 89' lang='lat' dir='ltr'>castrorum</span> <span class='ocrx_word' id='word_1_22' title='bbox 919 897 1171 960; x_wconf 91' lang='lat' dir='ltr'>cecidit.</span> <span class='ocrx_word' id='word_1_23' title='bbox 1224 897 1549 979; x_wconf 84' lang='lat' dir='ltr'>Sulpicius</span> <span class='ocrx_word' id='word_1_24' title='bbox 1594 899 1843 982; x_wconf 86' lang='lat' dir='ltr'>legatus</span> <span class='ocrx_word' id='word_1_25' title='bbox 1876 897 2279 961; x_wconf 85' lang='lat' dir='ltr'>Marrucinos</span> <span class='ocrx_word' id='word_1_26' title='bbox 2311 899 2543 962; x_wconf 82' lang='lat' dir='ltr'>cecidit</span> <span class='ocrx_word' id='word_1_27' title='bbox 2572 909 2669 962; x_wconf 89' lang='lat' dir='ltr'>to-</span> 
     </span>
     <span class='ocr_line' id='line_1_6' title="bbox 541 999 2737 1082; baseline 0 -21"><span class='ocrx_word' id='word_1_28' title='bbox 541 1008 800 1080; x_wconf 86' lang='lat' dir='ltr'>tamque</span> <span class='ocrx_word' id='word_1_29' title='bbox 829 1020 973 1059; x_wconf 87' lang='lat' dir='ltr'>eam</span> <span class='ocrx_word' id='word_1_30' title='bbox 1002 999 1330 1082; x_wconf 86' lang='lat' dir='ltr'>regionem</span> <span class='ocrx_word' id='word_1_31' title='bbox 1357 1001 1617 1082; x_wconf 85' lang='lat' dir='ltr'>recepit.</span> <span class='ocrx_word' id='word_1_32' title='bbox 1655 1001 1777 1063; x_wconf 89' lang='lat' dir='ltr'>Cn.</span> <span class='ocrx_word' id='word_1_33' title='bbox 1810 999 2159 1082; x_wconf 86' lang='lat' dir='ltr'>Pompeius</span> <span class='ocrx_word' id='word_1_34' title='bbox 2181 1002 2525 1081; x_wconf 88' lang='lat' dir='ltr'>proconsul</span> <span class='ocrx_word' id='word_1_35' title='bbox 2541 1003 2668 1064; x_wconf 92' lang='lat' dir='ltr'>Ve-</span> <span class='ocrx_word' id='word_1_36' title='bbox 2706 1014 2737 1062; x_wconf 89' lang='lat'>5</span> 
     </span>
     <span class='ocr_line' id='line_1_7' title="bbox 539 1099 2669 1184; baseline 0.001 -23"><span class='ocrx_word' id='word_1_37' title='bbox 539 1099 740 1162; x_wconf 89' lang='lat' dir='ltr'>stinos</span> <span class='ocrx_word' id='word_1_38' title='bbox 772 1109 835 1162; x_wconf 88' lang='lat' dir='ltr'>et</span> <span class='ocrx_word' id='word_1_39' title='bbox 868 1100 1212 1183; x_wconf 86' lang='lat' dir='ltr'>Paelignos</span> <span class='ocrx_word' id='word_1_40' title='bbox 1243 1101 1314 1162; x_wconf 90' lang='lat' dir='ltr'>in</span> <span class='ocrx_word' id='word_1_41' title='bbox 1343 1101 1736 1164; x_wconf 86' lang='lat' dir='ltr'>deditionem</span> <span class='ocrx_word' id='word_1_42' title='bbox 1769 1101 2034 1183; x_wconf 88' lang='lat' dir='ltr'>accepit.</span> <span class='ocrx_word' id='word_1_43' title='bbox 2084 1101 2289 1164; x_wconf 83' lang='lat' dir='ltr'>Marsi</span> <span class='ocrx_word' id='word_1_44' title='bbox 2332 1123 2585 1184; x_wconf 88' lang='lat' dir='ltr'>quoque</span> <span class='ocrx_word' id='word_1_45' title='bbox 2630 1123 2669 1164; x_wconf 88' lang='lat' dir='ltr'>a</span> 
     </span>
     <span class='ocr_line' id='line_1_8' title="bbox 540 1201 2666 1287; baseline 0 -24"><span class='ocrx_word' id='word_1_46' title='bbox 540 1202 617 1263; x_wconf 91' lang='lat' dir='ltr'>L.</span> <span class='ocrx_word' id='word_1_47' title='bbox 656 1201 869 1264; x_wconf 86' lang='lat' dir='ltr'>Cinna</span> <span class='ocrx_word' id='word_1_48' title='bbox 899 1212 963 1264; x_wconf 91' lang='lat' dir='ltr'>et</span> <span class='ocrx_word' id='word_1_49' title='bbox 993 1202 1272 1265; x_wconf 90' lang='lat' dir='ltr'>Caecilio</span> <span class='ocrx_word' id='word_1_50' title='bbox 1303 1202 1425 1267; x_wconf 92' lang='lat' dir='ltr'>Pio</span> <span class='ocrx_word' id='word_1_51' title='bbox 1454 1203 1687 1286; x_wconf 84' lang='lat' dir='ltr'>legatis</span> <span class='ocrx_word' id='word_1_52' title='bbox 1736 1203 1996 1286; x_wconf 84' lang='lat' dir='ltr'>aliquod</span> <span class='ocrx_word' id='word_1_53' title='bbox 2024 1203 2283 1287; x_wconf 84' lang='lat' dir='ltr'>proeliis</span> <span class='ocrx_word' id='word_1_54' title='bbox 2324 1201 2513 1264; x_wconf 87' lang='lat' dir='ltr'>fracti</span> <span class='ocrx_word' id='word_1_55' title='bbox 2555 1223 2666 1284; x_wconf 92' lang='lat' dir='ltr'>pe-</span> 
     </span>
     <span class='ocr_line' id='line_1_9' title="bbox 541 1303 2669 1387; baseline -0 -21"><span class='ocrx_word' id='word_1_56' title='bbox 541 1312 670 1366; x_wconf 85' lang='lat' dir='ltr'>tere</span> <span class='ocrx_word' id='word_1_57' title='bbox 713 1325 938 1387; x_wconf 87' lang='lat' dir='ltr'>pacem</span> <span class='ocrx_word' id='word_1_58' title='bbox 985 1315 1354 1386; x_wconf 90' lang='lat' dir='ltr'>coeperunt.</span> <span class='ocrx_word' id='word_1_59' title='bbox 1433 1305 1751 1368; x_wconf 84' lang='lat' dir='ltr'>Asculum</span> <span class='ocrx_word' id='word_1_60' title='bbox 1793 1327 1831 1367; x_wconf 86' lang='lat' dir='ltr'>a</span> <span class='ocrx_word' id='word_1_61' title='bbox 1875 1305 1998 1367; x_wconf 88' lang='lat' dir='ltr'>Cn.</span> <span class='ocrx_word' id='word_1_62' title='bbox 2050 1303 2359 1386; x_wconf 90' lang='lat' dir='ltr'>Pompeio</span> <span class='ocrx_word' id='word_1_63' title='bbox 2404 1310 2669 1386; x_wconf 86' lang='lat' dir='ltr'>captum</span> 
     </span>
     <span class='ocr_line' id='line_1_10' title="bbox 539 1405 2668 1490; baseline 0 -22"><span class='ocrx_word' id='word_1_64' title='bbox 539 1415 658 1468; x_wconf 89' lang='lat' dir='ltr'>est.</span> <span class='ocrx_word' id='word_1_65' title='bbox 709 1405 908 1468; x_wconf 89' lang='lat' dir='ltr'>caesis</span> <span class='ocrx_word' id='word_1_66' title='bbox 942 1415 1005 1468; x_wconf 92' lang='lat' dir='ltr'>et</span> <span class='ocrx_word' id='word_1_67' title='bbox 1036 1427 1074 1468; x_wconf 93' lang='lat' dir='ltr'>a</span> <span class='ocrx_word' id='word_1_68' title='bbox 1105 1407 1431 1470; x_wconf 83' lang='lat' dir='ltr'>Mamerco</span> <span class='ocrx_word' id='word_1_69' title='bbox 1473 1405 1753 1469; x_wconf 89' lang='lat' dir='ltr'>Aemilio</span> <span class='ocrx_word' id='word_1_70' title='bbox 1784 1407 1996 1490; x_wconf 86' lang='lat' dir='ltr'>legato</span> <span class='ocrx_word' id='word_1_71' title='bbox 2028 1405 2274 1468; x_wconf 87' lang='lat' dir='ltr'>Italicis</span> <span class='ocrx_word' id='word_1_72' title='bbox 2309 1406 2443 1469; x_wconf 93' lang='lat' dir='ltr'>Silo</span> <span class='ocrx_word' id='word_1_73' title='bbox 2477 1407 2668 1468; x_wconf 90' lang='lat' dir='ltr'>Pom-</span> 
     </span>
     <span class='ocr_line' id='line_1_11' title="bbox 537 1506 2771 1591; baseline -0 -21"><span class='ocrx_word' id='word_1_74' title='bbox 537 1507 805 1591; x_wconf 90' lang='lat' dir='ltr'>paedius</span> <span class='ocrx_word' id='word_1_75' title='bbox 837 1510 972 1571; x_wconf 86' lang='lat' dir='ltr'>dux</span> <span class='ocrx_word' id='word_1_76' title='bbox 1005 1508 1390 1584; x_wconf 84' lang='lat' dir='ltr'>Marsorum,</span> <span class='ocrx_word' id='word_1_77' title='bbox 1428 1518 1652 1572; x_wconf 85' lang='lat' dir='ltr'>auctor</span> <span class='ocrx_word' id='word_1_78' title='bbox 1682 1507 1819 1570; x_wconf 87' lang='lat' dir='ltr'>eius</span> <span class='ocrx_word' id='word_1_79' title='bbox 1849 1507 1974 1583; x_wconf 85' lang='lat' dir='ltr'>rei,</span> <span class='ocrx_word' id='word_1_80' title='bbox 2020 1507 2090 1569; x_wconf 93' lang='lat' dir='ltr'>in</span> <span class='ocrx_word' id='word_1_81' title='bbox 2134 1506 2377 1589; x_wconf 88' lang='lat' dir='ltr'>proelio</span> <span class='ocrx_word' id='word_1_82' title='bbox 2407 1507 2661 1571; x_wconf 88' lang='lat' dir='ltr'>cecidit.</span> <span class='ocrx_word' id='word_1_83' title='bbox 2707 1521 2771 1569; x_wconf 90' lang='lat'>10</span> 
     </span>
     <span class='ocr_line' id='line_1_12' title="bbox 537 1607 2675 1693; baseline 0 -21"><span class='ocrx_word' id='word_1_84' title='bbox 537 1610 995 1681; x_wconf 86' lang='lat' dir='ltr'>Ariobarzanes</span> <span class='ocrx_word' id='word_1_85' title='bbox 1041 1611 1485 1693; x_wconf 87' lang='lat' dir='ltr'>Cappadociae</span> <span class='ocrx_word' id='word_1_86' title='bbox 1501 1659 1520 1687; x_wconf 94' lang='lat'>,</span> <span class='ocrx_word' id='word_1_87' title='bbox 1568 1609 1952 1673; x_wconf 88' lang='lat' dir='ltr'>Nicomedes</span> <span class='ocrx_word' id='word_1_88' title='bbox 1999 1607 2347 1691; x_wconf 84' lang='lat' dir='ltr'>Bithyniae</span> <span class='ocrx_word' id='word_1_89' title='bbox 2391 1632 2589 1693; x_wconf 89' lang='lat' dir='ltr'>regno</span> <span class='ocrx_word' id='word_1_90' title='bbox 2636 1632 2675 1673; x_wconf 88' lang='lat' dir='ltr'>a</span> 
     </span>
     <span class='ocr_line' id='line_1_13' title="bbox 540 1709 2667 1795; baseline 0 -22"><span class='ocrx_word' id='word_1_91' title='bbox 540 1710 918 1774; x_wconf 84' lang='lat' dir='ltr'>Mithridate</span> <span class='ocrx_word' id='word_1_92' title='bbox 972 1712 1170 1774; x_wconf 89' lang='lat' dir='ltr'>Ponti</span> <span class='ocrx_word' id='word_1_93' title='bbox 1221 1735 1367 1795; x_wconf 88' lang='lat' dir='ltr'>rege</span> <span class='ocrx_word' id='word_1_94' title='bbox 1408 1711 1581 1794; x_wconf 89' lang='lat' dir='ltr'>pulsi</span> <span class='ocrx_word' id='word_1_95' title='bbox 1634 1720 1808 1775; x_wconf 87' lang='lat' dir='ltr'>sunt.</span> <span class='ocrx_word' id='word_1_96' title='bbox 1886 1720 2209 1794; x_wconf 89' lang='lat' dir='ltr'>praeterea</span> <span class='ocrx_word' id='word_1_97' title='bbox 2268 1710 2455 1773; x_wconf 89' lang='lat' dir='ltr'>incur</span> <span class='ocrx_word' id='word_1_98' title='bbox 2493 1709 2667 1773; x_wconf 81' lang='lat' dir='ltr'>&#39;ones</span> 
     </span>
     <span class='ocr_line' id='line_1_14' title="bbox 539 1733 2531 1932; baseline 0 -58"><span class='ocrx_word' id='word_1_99' title='bbox 539 1812 867 1875; x_wconf 88' lang='lat' dir='ltr'>Thracum</span> <span class='ocrx_word' id='word_1_100' title='bbox 895 1811 965 1874; x_wconf 91' lang='lat' dir='ltr'>in</span> <span class='ocrx_word' id='word_1_101' title='bbox 996 1813 1445 1876; x_wconf 88' lang='lat' dir='ltr'>Macedoniam</span> <span class='ocrx_word' id='word_1_102' title='bbox 1473 1813 2050 1895; x_wconf 87' lang='lat' dir='ltr'>populationesque</span> <span class='ocrx_word' id='word_1_103' title='bbox 2082 1811 2392 1874; x_wconf 88' lang='lat' dir='ltr'>continet.</span> <span class='ocrx_word' id='word_1_104' title='bbox 2450 1733 2531 1932; x_wconf 48' lang='grc' dir='ltr'>ἶ</span> 
     </span>
    </p>
   </div>
   <div class='ocr_carea' id='block_1_4' title="bbox 1215 2032 1978 2112">
    <p class='ocr_par' dir='ltr' id='par_1_4' title="bbox 1215 2032 1978 2112">
     <span class='ocr_line' id='line_1_15' title="bbox 1215 2032 1978 2112; baseline -0.001 -4"><span class='ocrx_word' id='word_1_105' title='bbox 1215 2046 1344 2109; x_wconf 85' lang='lat' dir='ltr'>EX</span> <span class='ocrx_word' id='word_1_106' title='bbox 1389 2048 1563 2110; x_wconf 83' lang='lat' dir='ltr'><strong>LIB.</strong></span> <span class='ocrx_word' id='word_1_107' title='bbox 1616 2032 1978 2112; x_wconf 84' lang='lat' dir='ltr'><strong>LXXVI&#39;I.</strong></span> 
     </span>
    </p>
   </div>
   <div class='ocr_carea' id='block_1_5' title="bbox 533 2214 2770 3417">
    <p class='ocr_par' dir='ltr' id='par_1_5' title="bbox 533 2214 2770 3417">
     <span class='ocr_line' id='line_1_16' title="bbox 539 2214 2770 2299; baseline -0 -20"><span class='ocrx_word' id='word_1_108' title='bbox 539 2217 708 2279; x_wconf 91' lang='lat' dir='ltr'>Cum</span> <span class='ocrx_word' id='word_1_109' title='bbox 737 2217 815 2278; x_wconf 88' lang='lat' dir='ltr'>P.</span> <span class='ocrx_word' id='word_1_110' title='bbox 853 2214 1180 2297; x_wconf 85' lang='lat' dir='ltr'>Sulpicius</span> <span class='ocrx_word' id='word_1_111' title='bbox 1222 2216 1372 2279; x_wconf 86' lang='lat' dir='ltr'>trib.</span> <span class='ocrx_word' id='word_1_112' title='bbox 1407 2217 1580 2298; x_wconf 87' lang='lat' dir='ltr'>pleb.</span> <span class='ocrx_word' id='word_1_113' title='bbox 1626 2225 1882 2279; x_wconf 88' lang='lat' dir='ltr'>auctore</span> <span class='ocrx_word' id='word_1_114' title='bbox 1913 2216 1989 2279; x_wconf 92' lang='lat' dir='ltr'>C.</span> <span class='ocrx_word' id='word_1_115' title='bbox 2027 2215 2237 2278; x_wconf 86' lang='lat' dir='ltr'>Mario</span> <span class='ocrx_word' id='word_1_116' title='bbox 2278 2216 2668 2299; x_wconf 85' lang='lat' dir='ltr'>perniciosas</span> <span class='ocrx_word' id='word_1_117' title='bbox 2704 2229 2770 2278; x_wconf 90' lang='lat'>15</span> 
     </span>
     <span class='ocr_line' id='line_1_17' title="bbox 535 2317 2667 2401; baseline 0.001 -22"><span class='ocrx_word' id='word_1_118' title='bbox 535 2317 710 2400; x_wconf 88' lang='lat' dir='ltr'>leges</span> <span class='ocrx_word' id='word_1_119' title='bbox 739 2317 1208 2401; x_wconf 79' lang='lat' dir='ltr'>promulgasset</span> <span class='ocrx_word' id='word_1_120' title='bbox 1247 2328 1322 2380; x_wconf 91' lang='lat' dir='ltr'>ut</span> <span class='ocrx_word' id='word_1_121' title='bbox 1367 2317 1621 2380; x_wconf 84' lang='lat' dir='ltr'>exsules</span> <span class='ocrx_word' id='word_1_122' title='bbox 1666 2327 2119 2381; x_wconf 86' lang='lat' dir='ltr'>reuocarentur</span> <span class='ocrx_word' id='word_1_123' title='bbox 2140 2367 2160 2394; x_wconf 95' lang='lat'>,</span> <span class='ocrx_word' id='word_1_124' title='bbox 2211 2329 2276 2380; x_wconf 90' lang='lat' dir='ltr'>et</span> <span class='ocrx_word' id='word_1_125' title='bbox 2305 2319 2463 2381; x_wconf 87' lang='lat' dir='ltr'>noui</span> <span class='ocrx_word' id='word_1_126' title='bbox 2492 2318 2667 2381; x_wconf 85' lang='lat' dir='ltr'>ciues</span> 
     </span>
     <span class='ocr_line' id='line_1_18' title="bbox 534 2419 2666 2503; baseline 0.001 -22"><span class='ocrx_word' id='word_1_127' title='bbox 534 2419 948 2503; x_wconf 89' lang='lat' dir='ltr'>libertinique</span> <span class='ocrx_word' id='word_1_128' title='bbox 999 2442 1033 2476; x_wconf 79' lang='lat'><em>*</em></span> <span class='ocrx_word' id='word_1_129' title='bbox 1061 2420 1628 2496; x_wconf 88' lang='lat' dir='ltr'>distribuerentur,</span> <span class='ocrx_word' id='word_1_130' title='bbox 1692 2430 1757 2483; x_wconf 81' lang='lat' dir='ltr'>et</span> <span class='ocrx_word' id='word_1_131' title='bbox 1803 2430 1877 2484; x_wconf 92' lang='lat' dir='ltr'>ut</span> <span class='ocrx_word' id='word_1_132' title='bbox 1922 2420 1997 2483; x_wconf 92' lang='lat' dir='ltr'>C.</span> <span class='ocrx_word' id='word_1_133' title='bbox 2049 2420 2295 2483; x_wconf 88' lang='lat' dir='ltr'>Marius</span> <span class='ocrx_word' id='word_1_134' title='bbox 2357 2422 2666 2483; x_wconf 88' lang='lat' dir='ltr'>aduersus</span> 
     </span>
     <span class='ocr_line' id='line_1_19' title="bbox 538 2522 2663 2607; baseline 0.001 -24"><span class='ocrx_word' id='word_1_135' title='bbox 538 2522 988 2591; x_wconf 88' lang='lat' dir='ltr'>Mithridatem</span> <span class='ocrx_word' id='word_1_136' title='bbox 1017 2523 1214 2586; x_wconf 91' lang='lat' dir='ltr'>Ponti</span> <span class='ocrx_word' id='word_1_137' title='bbox 1243 2546 1459 2607; x_wconf 88' lang='lat' dir='ltr'>regem</span> <span class='ocrx_word' id='word_1_138' title='bbox 1489 2525 1625 2585; x_wconf 86' lang='lat' dir='ltr'>dux</span> <span class='ocrx_word' id='word_1_139' title='bbox 1667 2532 2018 2597; x_wconf 88' lang='lat' dir='ltr'>crearetur,</span> <span class='ocrx_word' id='word_1_140' title='bbox 2065 2532 2129 2583; x_wconf 88' lang='lat' dir='ltr'>et</span> <span class='ocrx_word' id='word_1_141' title='bbox 2170 2522 2663 2585; x_wconf 88' lang='lat' dir='ltr'>aduersantibus</span> 
     </span>
     <span class='ocr_line' id='line_1_20' title="bbox 537 2622 2665 2707; baseline 0 -22"><span class='ocrx_word' id='word_1_142' title='bbox 537 2624 906 2687; x_wconf 87' lang='lat' dir='ltr'>consulibus</span> <span class='ocrx_word' id='word_1_143' title='bbox 939 2625 1020 2691; x_wconf 83' lang='lat' dir='ltr'>Q.</span> <span class='ocrx_word' id='word_1_144' title='bbox 1061 2624 1368 2706; x_wconf 90' lang='lat' dir='ltr'>Pompeio</span> <span class='ocrx_word' id='word_1_145' title='bbox 1399 2634 1462 2687; x_wconf 90' lang='lat' dir='ltr'>et</span> <span class='ocrx_word' id='word_1_146' title='bbox 1487 2627 1565 2687; x_wconf 92' lang='lat' dir='ltr'>L.</span> <span class='ocrx_word' id='word_1_147' title='bbox 1604 2624 1819 2707; x_wconf 84' lang='lat' dir='ltr'>SyHae</span> <span class='ocrx_word' id='word_1_148' title='bbox 1864 2623 2000 2685; x_wconf 89' lang='lat' dir='ltr'>uim</span> <span class='ocrx_word' id='word_1_149' title='bbox 2040 2622 2406 2700; x_wconf 88' lang='lat' dir='ltr'>intulisset,</span> <span class='ocrx_word' id='word_1_150' title='bbox 2457 2624 2665 2688; x_wconf 88' lang='lat' dir='ltr'>occiso</span> 
     </span>
     <span class='ocr_line' id='line_1_21' title="bbox 539 2725 2769 2808; baseline -0.003 -16"><span class='ocrx_word' id='word_1_151' title='bbox 539 2726 621 2792; x_wconf 83' lang='lat' dir='ltr'>Q.</span> <span class='ocrx_word' id='word_1_152' title='bbox 672 2725 980 2806; x_wconf 85' lang='lat' dir='ltr'>Pompeio</span> <span class='ocrx_word' id='word_1_153' title='bbox 1025 2726 1308 2789; x_wconf 90' lang='lat' dir='ltr'>consulis</span> <span class='ocrx_word' id='word_1_154' title='bbox 1351 2725 1523 2801; x_wconf 88' lang='lat' dir='ltr'>filio,</span> <span class='ocrx_word' id='word_1_155' title='bbox 1590 2746 1826 2808; x_wconf 84' lang='lat' dir='ltr'>genero</span> <span class='ocrx_word' id='word_1_156' title='bbox 1872 2725 2122 2808; x_wconf 86' lang='lat' dir='ltr'>Syllae,</span> <span class='ocrx_word' id='word_1_157' title='bbox 2173 2728 2250 2788; x_wconf 89' lang='lat' dir='ltr'>L.</span> <span class='ocrx_word' id='word_1_158' title='bbox 2300 2725 2481 2808; x_wconf 89' lang='lat' dir='ltr'>Sylla</span> <span class='ocrx_word' id='word_1_159' title='bbox 2533 2748 2662 2789; x_wconf 79' lang='lat' dir='ltr'>cos,</span> <span class='ocrx_word' id='word_1_160' title='bbox 2699 2737 2769 2787; x_wconf 84' lang='grc'>20</span> 
     </span>
     <span class='ocr_line' id='line_1_22' title="bbox 535 2826 2664 2910; baseline -0 -21"><span class='ocrx_word' id='word_1_161' title='bbox 535 2847 685 2889; x_wconf 88' lang='lat' dir='ltr'>cum</span> <span class='ocrx_word' id='word_1_162' title='bbox 717 2826 1001 2887; x_wconf 85' lang='lat' dir='ltr'>exercitu</span> <span class='ocrx_word' id='word_1_163' title='bbox 1031 2826 1101 2887; x_wconf 88' lang='lat' dir='ltr'>in</span> <span class='ocrx_word' id='word_1_164' title='bbox 1133 2830 1358 2890; x_wconf 90' lang='lat' dir='ltr'>urbem</span> <span class='ocrx_word' id='word_1_165' title='bbox 1387 2826 1572 2889; x_wconf 91' lang='lat' dir='ltr'>uenit</span> <span class='ocrx_word' id='word_1_166' title='bbox 1602 2836 1666 2889; x_wconf 89' lang='lat' dir='ltr'>et</span> <span class='ocrx_word' id='word_1_167' title='bbox 1698 2828 2005 2889; x_wconf 90' lang='lat' dir='ltr'>aduersus</span> <span class='ocrx_word' id='word_1_168' title='bbox 2036 2826 2383 2889; x_wconf 89' lang='lat' dir='ltr'>factionem</span> <span class='ocrx_word' id='word_1_169' title='bbox 2414 2827 2664 2910; x_wconf 90' lang='lat' dir='ltr'>Sulpici</span> 
     </span>
     <span class='ocr_line' id='line_1_23' title="bbox 537 2927 2661 3011; baseline 0 -22"><span class='ocrx_word' id='word_1_170' title='bbox 537 2937 602 2989; x_wconf 87' lang='lat' dir='ltr'>et</span> <span class='ocrx_word' id='word_1_171' title='bbox 635 2927 804 2991; x_wconf 88' lang='lat' dir='ltr'>Mari</span> <span class='ocrx_word' id='word_1_172' title='bbox 838 2927 908 2989; x_wconf 91' lang='lat' dir='ltr'>in</span> <span class='ocrx_word' id='word_1_173' title='bbox 950 2928 1088 3011; x_wconf 86' lang='lat' dir='ltr'>ipsa</span> <span class='ocrx_word' id='word_1_174' title='bbox 1118 2930 1272 2991; x_wconf 89' lang='lat' dir='ltr'>urbe</span> <span class='ocrx_word' id='word_1_175' title='bbox 1303 2927 1626 3011; x_wconf 84' lang='lat' dir='ltr'>pugnauit</span> <span class='ocrx_word' id='word_1_176' title='bbox 1656 2949 1923 3010; x_wconf 88' lang='lat' dir='ltr'>eamque</span> <span class='ocrx_word' id='word_1_177' title='bbox 1953 2928 2226 3010; x_wconf 85' lang='lat' dir='ltr'>expulit.</span> <span class='ocrx_word' id='word_1_178' title='bbox 2288 2950 2368 2990; x_wconf 84' lang='lat' dir='ltr'>ex</span> <span class='ocrx_word' id='word_1_179' title='bbox 2398 2950 2527 3011; x_wconf 93' lang='lat' dir='ltr'>qua</span> <span class='ocrx_word' id='word_1_180' title='bbox 2556 2949 2661 2990; x_wconf 86' lang='lat' dir='ltr'>XII</span> 
     </span>
     <span class='ocr_line' id='line_1_24' title="bbox 536 3029 2664 3112; baseline 0 -21"><span class='ocrx_word' id='word_1_181' title='bbox 536 3051 575 3092; x_wconf 93' lang='lat' dir='ltr'>a</span> <span class='ocrx_word' id='word_1_182' title='bbox 605 3040 831 3092; x_wconf 91' lang='lat' dir='ltr'>senatu</span> <span class='ocrx_word' id='word_1_183' title='bbox 863 3030 1113 3107; x_wconf 89' lang='lat' dir='ltr'>hostes,</span> <span class='ocrx_word' id='word_1_184' title='bbox 1164 3032 1334 3093; x_wconf 89' lang='lat' dir='ltr'>inter</span> <span class='ocrx_word' id='word_1_185' title='bbox 1365 3052 1521 3112; x_wconf 91' lang='lat' dir='ltr'>quos</span> <span class='ocrx_word' id='word_1_186' title='bbox 1554 3031 1630 3093; x_wconf 92' lang='lat' dir='ltr'>C.</span> <span class='ocrx_word' id='word_1_187' title='bbox 1668 3029 2126 3112; x_wconf 89' lang='lat' dir='ltr'>Mariuspater</span> <span class='ocrx_word' id='word_1_188' title='bbox 2157 3039 2220 3091; x_wconf 90' lang='lat' dir='ltr'>et</span> <span class='ocrx_word' id='word_1_189' title='bbox 2249 3029 2457 3106; x_wconf 89' lang='lat' dir='ltr'>filius,</span> <span class='ocrx_word' id='word_1_190' title='bbox 2497 3030 2664 3092; x_wconf 92' lang='lat' dir='ltr'>iudi-</span> 
     </span>
     <span class='ocr_line' id='line_1_25' title="bbox 535 3130 2660 3215; baseline 0 -22"><span class='ocrx_word' id='word_1_191' title='bbox 535 3130 663 3193; x_wconf 92' lang='lat' dir='ltr'>cati</span> <span class='ocrx_word' id='word_1_192' title='bbox 695 3142 869 3194; x_wconf 91' lang='lat' dir='ltr'>sunt.</span> <span class='ocrx_word' id='word_1_193' title='bbox 923 3133 1000 3194; x_wconf 90' lang='lat' dir='ltr'>P.</span> <span class='ocrx_word' id='word_1_194' title='bbox 1040 3132 1367 3215; x_wconf 88' lang='lat' dir='ltr'>Sulpicius</span> <span class='ocrx_word' id='word_1_195' title='bbox 1399 3154 1551 3194; x_wconf 90' lang='lat' dir='ltr'>cum</span> <span class='ocrx_word' id='word_1_196' title='bbox 1578 3132 1650 3194; x_wconf 90' lang='lat' dir='ltr'>in</span> <span class='ocrx_word' id='word_1_197' title='bbox 1681 3133 1956 3214; x_wconf 88' lang='lat' dir='ltr'>quadam</span> <span class='ocrx_word' id='word_1_198' title='bbox 1988 3131 2150 3192; x_wconf 90' lang='lat' dir='ltr'>uilla</span> <span class='ocrx_word' id='word_1_199' title='bbox 2178 3130 2407 3193; x_wconf 89' lang='lat' dir='ltr'>lateret</span> <span class='ocrx_word' id='word_1_200' title='bbox 2426 3180 2446 3207; x_wconf 93' lang='lat'>,</span> <span class='ocrx_word' id='word_1_201' title='bbox 2492 3131 2660 3194; x_wconf 82' lang='lat' dir='ltr'>indi-</span> 
     </span>
     <span class='ocr_line' id='line_1_26' title="bbox 535 3232 2765 3313; baseline 0 -19"><span class='ocrx_word' id='word_1_202' title='bbox 535 3232 633 3295; x_wconf 91' lang='lat' dir='ltr'>cio</span> <span class='ocrx_word' id='word_1_203' title='bbox 665 3233 832 3295; x_wconf 90' lang='lat' dir='ltr'>serui</span> <span class='ocrx_word' id='word_1_204' title='bbox 863 3233 965 3295; x_wconf 84' lang='lat' dir='ltr'>sui</span> <span class='ocrx_word' id='word_1_205' title='bbox 994 3244 1302 3297; x_wconf 87' lang='lat' dir='ltr'>retractus</span> <span class='ocrx_word' id='word_1_206' title='bbox 1334 3244 1399 3296; x_wconf 92' lang='lat' dir='ltr'>et</span> <span class='ocrx_word' id='word_1_207' title='bbox 1443 3233 1691 3297; x_wconf 89' lang='lat' dir='ltr'>occisus</span> <span class='ocrx_word' id='word_1_208' title='bbox 1734 3244 1851 3295; x_wconf 88' lang='lat' dir='ltr'>est.</span> <span class='ocrx_word' id='word_1_209' title='bbox 1916 3253 2138 3295; x_wconf 87' lang='lat' dir='ltr'>seruus</span> <span class='ocrx_word' id='word_1_210' title='bbox 2184 3241 2259 3293; x_wconf 93' lang='lat' dir='ltr'>ut</span> <span class='ocrx_word' id='word_1_211' title='bbox 2302 3232 2665 3313; x_wconf 86' lang='lat' dir='ltr'>praemium</span> <span class='ocrx_word' id='word_1_212' title='bbox 2696 3244 2765 3294; x_wconf 87' lang='lat'>25</span> 
     </span>
     <span class='ocr_line' id='line_1_27' title="bbox 533 3334 2662 3417; baseline 0 -21"><span class='ocrx_word' id='word_1_213' title='bbox 533 3334 919 3415; x_wconf 85' lang='lat' dir='ltr'>promissum</span> <span class='ocrx_word' id='word_1_214' title='bbox 947 3334 1148 3398; x_wconf 89' lang='lat' dir='ltr'>indici</span> <span class='ocrx_word' id='word_1_215' title='bbox 1178 3335 1442 3397; x_wconf 90' lang='lat' dir='ltr'>haberet</span> <span class='ocrx_word' id='word_1_216' title='bbox 1458 3383 1478 3411; x_wconf 93' lang='lat'>,</span> <span class='ocrx_word' id='word_1_217' title='bbox 1511 3334 1948 3398; x_wconf 88' lang='lat' dir='ltr'>manumissus</span> <span class='ocrx_word' id='word_1_218' title='bbox 1980 3342 2045 3397; x_wconf 87' lang='lat' dir='ltr'>et</span> <span class='ocrx_word' id='word_1_219' title='bbox 2074 3334 2154 3397; x_wconf 92' lang='lat' dir='ltr'>ob</span> <span class='ocrx_word' id='word_1_220' title='bbox 2187 3334 2393 3397; x_wconf 89' lang='lat' dir='ltr'>scelus</span> <span class='ocrx_word' id='word_1_221' title='bbox 2423 3334 2662 3417; x_wconf 88' lang='lat' dir='ltr'>proditi</span> 
     </span>
    </p>
   </div>
   <div class='ocr_carea' id='block_1_6' title="bbox 508 3598 2667 3988">
    <p class='ocr_par' dir='ltr' id='par_1_6' title="bbox 508 3598 2667 3988">
     <span class='ocr_line' id='line_1_28' title="bbox 533 3598 2662 3684; baseline -0.001 -18"><span class='ocrx_word' id='word_1_222' title='bbox 533 3617 564 3666; x_wconf 84' lang='lat'><strong>2</strong></span> <span class='ocrx_word' id='word_1_223' title='bbox 591 3611 828 3665; x_wconf 86' lang='lat' dir='ltr'>aurelius</span> <span class='ocrx_word' id='word_1_224' title='bbox 850 3625 934 3675; x_wconf 79' lang='grc' dir='ltr'>Νς</span> <span class='ocrx_word' id='word_1_225' title='bbox 958 3613 976 3682; x_wconf 82' lang='grc' dir='ltr'>ΙΙ</span> <span class='ocrx_word' id='word_1_226' title='bbox 1003 3598 1292 3666; x_wconf 68' lang='lat' dir='ltr'>aduersu‘m</span> <span class='ocrx_word' id='word_1_227' title='bbox 1329 3632 1360 3666; x_wconf 88' lang='lat' dir='ltr'>r</span> <span class='ocrx_word' id='word_1_228' title='bbox 1385 3614 1402 3683; x_wconf 78' lang='lat'>1}</span> <span class='ocrx_word' id='word_1_229' title='bbox 1432 3618 1460 3667; x_wconf 90' lang='lat'><strong>3</strong></span> <span class='ocrx_word' id='word_1_230' title='bbox 1501 3614 1672 3684; x_wconf 88' lang='lat' dir='ltr'>gestis</span> <span class='ocrx_word' id='word_1_231' title='bbox 1696 3612 1883 3666; x_wconf 89' lang='lat' dir='ltr'>multis</span> <span class='ocrx_word' id='word_1_232' title='bbox 1909 3611 2122 3681; x_wconf 89' lang='lat' dir='ltr'>oppidis</span> <span class='ocrx_word' id='word_1_233' title='bbox 2159 3629 2191 3663; x_wconf 86' lang='lat' dir='ltr'>r</span> <span class='ocrx_word' id='word_1_234' title='bbox 2215 3612 2233 3681; x_wconf 68' lang='grc' dir='ltr'>Ιξ</span> <span class='ocrx_word' id='word_1_235' title='bbox 2260 3610 2501 3664; x_wconf 89' lang='lat' dir='ltr'>hostium</span> <span class='ocrx_word' id='word_1_236' title='bbox 2535 3623 2620 3672; x_wconf 80' lang='grc' dir='ltr'>Νς</span> <span class='ocrx_word' id='word_1_237' title='bbox 2642 3612 2662 3681; x_wconf 75' lang='lat' dir='ltr'>ss</span> 
     </span>
     <span class='ocr_line' id='line_1_29' title="bbox 532 3687 2666 3759; baseline 0 -19"><span class='ocrx_word' id='word_1_238' title='bbox 532 3691 566 3739; x_wconf 84' lang='lat'>4</span> <span class='ocrx_word' id='word_1_239' title='bbox 592 3693 888 3740; x_wconf 84' lang='lat' dir='ltr'>castrorum</span> <span class='ocrx_word' id='word_1_240' title='bbox 923 3687 1204 3741; x_wconf 88' lang='lat' dir='ltr'>hostilium</span> <span class='ocrx_word' id='word_1_241' title='bbox 1240 3706 1271 3740; x_wconf 88' lang='lat' dir='ltr'>r</span> <span class='ocrx_word' id='word_1_242' title='bbox 1305 3688 1324 3757; x_wconf 80' lang='lat' dir='ltr'>ss</span> <span class='ocrx_word' id='word_1_243' title='bbox 1363 3688 1719 3741; x_wconf 86' lang='lat' dir='ltr'>Maruncinos</span> <span class='ocrx_word' id='word_1_244' title='bbox 1755 3705 1787 3739; x_wconf 84' lang='lat' dir='ltr'>r</span> <span class='ocrx_word' id='word_1_245' title='bbox 1812 3688 1829 3757; x_wconf 76' lang='grc' dir='ltr'>ΙΙ</span> <span class='ocrx_word' id='word_1_246' title='bbox 1856 3689 2276 3759; x_wconf 86' lang='lat' dir='ltr'>uniuersamque</span> <span class='ocrx_word' id='word_1_247' title='bbox 2314 3706 2346 3740; x_wconf 86' lang='lat' dir='ltr'>r</span> <span class='ocrx_word' id='word_1_248' title='bbox 2372 3690 2389 3759; x_wconf 82' lang='grc' dir='ltr'>ΙΙ</span> <span class='ocrx_word' id='word_1_249' title='bbox 2418 3694 2446 3741; x_wconf 88' lang='grc'><strong>7</strong></span> <span class='ocrx_word' id='word_1_250' title='bbox 2491 3688 2666 3742; x_wconf 85' lang='lat' dir='ltr'>Cinna</span> 
     </span>
     <span class='ocr_line' id='line_1_30' title="bbox 508 3763 2663 3837; baseline 0 -19"><span class='ocrx_word' id='word_1_251' title='bbox 508 3763 726 3835; x_wconf 76' lang='lat' dir='ltr'>&#39;scripsi</span> <span class='ocrx_word' id='word_1_252' title='bbox 740 3784 758 3814; x_wconf 90' lang='lat'>.·</span> <span class='ocrx_word' id='word_1_253' title='bbox 784 3765 952 3835; x_wconf 85' lang='lat' dir='ltr'>pinna</span> <span class='ocrx_word' id='word_1_254' title='bbox 972 3777 1071 3834; x_wconf 73' lang='lat' dir='ltr'>Ny,</span> <span class='ocrx_word' id='word_1_255' title='bbox 1101 3783 1327 3819; x_wconf 88' lang='lat' dir='ltr'>murena</span> <span class='ocrx_word' id='word_1_256' title='bbox 1353 3784 1418 3829; x_wconf 75' lang='grc' dir='ltr'>ςν</span> <span class='ocrx_word' id='word_1_257' title='bbox 1445 3766 1461 3835; x_wconf 89' lang='grc' dir='ltr'>ΙΙ</span> <span class='ocrx_word' id='word_1_258' title='bbox 1487 3765 1589 3818; x_wconf 88' lang='lat' dir='ltr'>Pio</span> <span class='ocrx_word' id='word_1_259' title='bbox 1616 3765 1867 3833; x_wconf 76' lang='lat' dir='ltr'>Siqonius</span> <span class='ocrx_word' id='word_1_260' title='bbox 1884 3786 1902 3815; x_wconf 91' lang='grc'>.·</span> <span class='ocrx_word' id='word_1_261' title='bbox 1928 3766 2099 3835; x_wconf 89' lang='lat' dir='ltr'>pinna</span> <span class='ocrx_word' id='word_1_262' title='bbox 2119 3767 2278 3837; x_wconf 71' lang='grc' dir='ltr'>ΝςνῚΙ</span> <span class='ocrx_word' id='word_1_263' title='bbox 2307 3770 2337 3818; x_wconf 89' lang='grc'>8</span> <span class='ocrx_word' id='word_1_264' title='bbox 2362 3784 2548 3836; x_wconf 87' lang='lat' dir='ltr'>pacem</span> <span class='ocrx_word' id='word_1_265' title='bbox 2573 3785 2663 3837; x_wconf 90' lang='lat' dir='ltr'>pe—</span> 
     </span>
     <span class='ocr_line' id='line_1_31' title="bbox 531 3842 2667 3914; baseline 0.001 -19"><span class='ocrx_word' id='word_1_266' title='bbox 531 3842 738 3895; x_wconf 89' lang='lat' dir='ltr'>tierunt</span> <span class='ocrx_word' id='word_1_267' title='bbox 761 3860 792 3893; x_wconf 87' lang='lat' dir='ltr'>r</span> <span class='ocrx_word' id='word_1_268' title='bbox 818 3844 834 3909; x_wconf 69' lang='lat' dir='ltr'>{l</span> <span class='ocrx_word' id='word_1_269' title='bbox 862 3846 892 3895; x_wconf 88' lang='grc'>9</span> <span class='ocrx_word' id='word_1_270' title='bbox 929 3849 985 3895; x_wconf 91' lang='lat' dir='ltr'>et</span> <span class='ocrx_word' id='word_1_271' title='bbox 1030 3860 1113 3894; x_wconf 87' lang='lat' dir='ltr'>om</span> <span class='ocrx_word' id='word_1_272' title='bbox 1153 3860 1218 3904; x_wconf 78' lang='grc' dir='ltr'>ςν</span> <span class='ocrx_word' id='word_1_273' title='bbox 1254 3843 1272 3912; x_wconf 79' lang='grc' dir='ltr'>ΙΙ</span> <span class='ocrx_word' id='word_1_274' title='bbox 1311 3842 1650 3912; x_wconf 89' lang='lat' dir='ltr'>poppaedius</span> <span class='ocrx_word' id='word_1_275' title='bbox 1679 3854 1772 3904; x_wconf 66' lang='grc' dir='ltr'>ΔΝς</span> <span class='ocrx_word' id='word_1_276' title='bbox 1797 3843 1815 3911; x_wconf 78' lang='grc' dir='ltr'>ΙΙ</span> <span class='ocrx_word' id='word_1_277' title='bbox 1846 3847 1907 3895; x_wconf 92' lang='grc'>10</span> <span class='ocrx_word' id='word_1_278' title='bbox 1940 3843 2107 3896; x_wconf 88' lang='lat' dir='ltr'>huius</span> <span class='ocrx_word' id='word_1_279' title='bbox 2144 3862 2175 3895; x_wconf 87' lang='lat' dir='ltr'>r</span> <span class='ocrx_word' id='word_1_280' title='bbox 2200 3844 2217 3914; x_wconf 69' lang='lat' dir='ltr'>ss</span> <span class='ocrx_word' id='word_1_281' title='bbox 2251 3847 2311 3896; x_wconf 87' lang='lat'>13</span> <span class='ocrx_word' id='word_1_282' title='bbox 2349 3844 2667 3897; x_wconf 85' lang='lat' dir='ltr'>macedonia</span> 
     </span>
     <span class='ocr_line' id='line_1_32' title="bbox 531 3918 2662 3988; baseline 0 -17"><span class='ocrx_word' id='word_1_283' title='bbox 531 3931 616 3981; x_wconf 79' lang='grc' dir='ltr'>Νς</span> <span class='ocrx_word' id='word_1_284' title='bbox 641 3920 658 3988; x_wconf 80' lang='lat' dir='ltr'>ss</span> <span class='ocrx_word' id='word_1_285' title='bbox 690 3923 750 3971; x_wconf 90' lang='lat'>17</span> <span class='ocrx_word' id='word_1_286' title='bbox 778 3918 1229 3972; x_wconf 84' lang='lat' dir='ltr'>distribuerentur</span> <span class='ocrx_word' id='word_1_287' title='bbox 1253 3919 1311 3971; x_wconf 92' lang='lat' dir='ltr'>in</span> <span class='ocrx_word' id='word_1_288' title='bbox 1335 3919 1509 3971; x_wconf 83' lang='lat' dir='ltr'>tribus</span> <span class='ocrx_word' id='word_1_289' title='bbox 1536 3936 1567 3969; x_wconf 85' lang='lat' dir='ltr'>r</span> <span class='ocrx_word' id='word_1_290' title='bbox 1592 3918 1609 3988; x_wconf 74' lang='lat' dir='ltr'>l}</span> <span class='ocrx_word' id='word_1_291' title='bbox 1637 3918 1914 3971; x_wconf 83' lang='lat' dir='ltr'>ut‘consul</span> <span class='ocrx_word' id='word_1_292' title='bbox 1953 3919 2165 3971; x_wconf 86' lang='lat' dir='ltr'>Marius</span> <span class='ocrx_word' id='word_1_293' title='bbox 2202 3937 2268 3982; x_wconf 77' lang='grc' dir='ltr'>ςν</span> <span class='ocrx_word' id='word_1_294' title='bbox 2306 3919 2324 3988; x_wconf 80' lang='grc' dir='ltr'>ΙΙ</span> <span class='ocrx_word' id='word_1_295' title='bbox 2369 3922 2431 3971; x_wconf 93' lang='grc'>18</span> <span class='ocrx_word' id='word_1_296' title='bbox 2470 3920 2662 3973; x_wconf 90' lang='lat' dir='ltr'>aduer-</span> 
     </span>
    </p>
   </div>
   <div class='ocr_carea' id='block_1_7' title="bbox 426 3992 2661 4068">
    <p class='ocr_par' dir='ltr' id='par_1_7' title="bbox 426 3992 2661 4068">
     <span class='ocr_line' id='line_1_33' title="bbox 426 3992 2661 4068; baseline 0 -18"><span class='ocrx_word' id='word_1_297' title='bbox 426 4050 430 4055; x_wconf 70' lang='grc'>,</span> <span class='ocrx_word' id='word_1_298' title='bbox 533 3998 702 4057; x_wconf 83' lang='lat' dir='ltr'>santis</span> <span class='ocrx_word' id='word_1_299' title='bbox 725 4015 757 4049; x_wconf 86' lang='lat' dir='ltr'>r</span> <span class='ocrx_word' id='word_1_300' title='bbox 782 3998 800 4067; x_wconf 81' lang='grc' dir='ltr'>ΙΙ</span> <span class='ocrx_word' id='word_1_301' title='bbox 832 4000 892 4049; x_wconf 86' lang='grc'>19</span> <span class='ocrx_word' id='word_1_302' title='bbox 918 3997 1095 4051; x_wconf 86' lang='lat' dir='ltr'>occiso</span> <span class='ocrx_word' id='word_1_303' title='bbox 1122 3997 1191 4055; x_wconf 79' lang='lat' dir='ltr'>Q..</span> <span class='ocrx_word' id='word_1_304' title='bbox 1219 3992 1481 4066; x_wconf 88' lang='lat' dir='ltr'>Pompeio</span> <span class='ocrx_word' id='word_1_305' title='bbox 1509 3997 1761 4066; x_wconf 73' lang='lat' dir='ltr'>Siqonius</span> <span class='ocrx_word' id='word_1_306' title='bbox 1778 4018 1796 4047; x_wconf 93' lang='lat'>.·</span> <span class='ocrx_word' id='word_1_307' title='bbox 1837 3997 2125 4066; x_wconf 86' lang='lat' dir='ltr'>occisoque</span> <span class='ocrx_word' id='word_1_308' title='bbox 2148 3997 2367 4068; x_wconf 90' lang='lat' dir='ltr'>pompei</span> <span class='ocrx_word' id='word_1_309' title='bbox 2390 4008 2531 4061; x_wconf 76' lang='grc' dir='ltr'>Νςν,</span> <span class='ocrx_word' id='word_1_310' title='bbox 2575 4015 2661 4050; x_wconf 91' lang='lat' dir='ltr'>oc-</span> 
     </span>
    </p>
   </div>
   <div class='ocr_carea' id='block_1_8' title="bbox 533 4074 2667 4222">
    <p class='ocr_par' dir='ltr' id='par_1_8' title="bbox 533 4074 2667 4222">
     <span class='ocr_line' id='line_1_34' title="bbox 533 4074 2667 4145; baseline 0.001 -19"><span class='ocrx_word' id='word_1_311' title='bbox 533 4075 752 4144; x_wconf 84' lang='lat' dir='ltr'>cisoque</span> <span class='ocrx_word' id='word_1_312' title='bbox 777 4074 1029 4145; x_wconf 90' lang='lat' dir='ltr'>pompeio</span> <span class='ocrx_word' id='word_1_313' title='bbox 1064 4093 1140 4143; x_wconf 62' lang='grc' dir='ltr'>μς</span> <span class='ocrx_word' id='word_1_314' title='bbox 1177 4076 1193 4143; x_wconf 87' lang='grc' dir='ltr'>ΙΙ</span> <span class='ocrx_word' id='word_1_315' title='bbox 1233 4079 1296 4127; x_wconf 93' lang='grc'>22</span> <span class='ocrx_word' id='word_1_316' title='bbox 1324 4092 1390 4127; x_wconf 84' lang='lat' dir='ltr'>ex</span> <span class='ocrx_word' id='word_1_317' title='bbox 1416 4092 1524 4145; x_wconf 90' lang='lat' dir='ltr'>quo</span> <span class='ocrx_word' id='word_1_318' title='bbox 1549 4076 1623 4145; x_wconf 62' lang='lat' dir='ltr'>rj}</span> <span class='ocrx_word' id='word_1_319' title='bbox 1652 4078 1716 4127; x_wconf 86' lang='lat'>23</span> <span class='ocrx_word' id='word_1_320' title='bbox 1755 4092 1875 4129; x_wconf 89' lang='lat' dir='ltr'>con.</span> <span class='ocrx_word' id='word_1_321' title='bbox 1902 4075 2113 4127; x_wconf 87' lang='lat' dir='ltr'>Marius</span> <span class='ocrx_word' id='word_1_322' title='bbox 2147 4093 2178 4127; x_wconf 86' lang='lat' dir='ltr'>r</span> <span class='ocrx_word' id='word_1_323' title='bbox 2218 4075 2235 4145; x_wconf 77' lang='lat' dir='ltr'>ss</span> <span class='ocrx_word' id='word_1_324' title='bbox 2288 4079 2351 4127; x_wconf 88' lang='lat'>25</span> <span class='ocrx_word' id='word_1_325' title='bbox 2377 4082 2433 4128; x_wconf 89' lang='lat' dir='ltr'>et</span> <span class='ocrx_word' id='word_1_326' title='bbox 2457 4075 2667 4129; x_wconf 86' lang='lat' dir='ltr'>occisus</span> 
     </span>
     <span class='ocr_line' id='line_1_35' title="bbox 536 4150 2533 4222; baseline 0.001 -19"><span class='ocrx_word' id='word_1_327' title='bbox 536 4150 614 4203; x_wconf 57' lang='lat' dir='ltr'>bias</span> <span class='ocrx_word' id='word_1_328' title='bbox 636 4164 688 4204; x_wconf 82' lang='lat' dir='ltr'><em>N</em></span> <span class='ocrx_word' id='word_1_329' title='bbox 707 4151 726 4219; x_wconf 82' lang='grc' dir='ltr'>ΙΙ</span> <span class='ocrx_word' id='word_1_330' title='bbox 755 4153 819 4202; x_wconf 89' lang='grc'>26</span> <span class='ocrx_word' id='word_1_331' title='bbox 844 4151 1095 4220; x_wconf 87' lang='lat' dir='ltr'>promissi</span> <span class='ocrx_word' id='word_1_332' title='bbox 1119 4164 1234 4214; x_wconf 78' lang='grc' dir='ltr'>Νςν</span> <span class='ocrx_word' id='word_1_333' title='bbox 1259 4153 1276 4222; x_wconf 78' lang='grc' dir='ltr'>ΙΙ</span> <span class='ocrx_word' id='word_1_334' title='bbox 1304 4151 1470 4205; x_wconf 87' lang='lat' dir='ltr'>indici</span> <span class='ocrx_word' id='word_1_335' title='bbox 1504 4152 1811 4204; x_wconf 78' lang='lat' dir='ltr'>Gronouius</span> <span class='ocrx_word' id='word_1_336' title='bbox 1828 4172 1846 4202; x_wconf 89' lang='lat'>.·</span> <span class='ocrx_word' id='word_1_337' title='bbox 1877 4151 2065 4207; x_wconf 91' lang='lat' dir='ltr'>indicii</span> <span class='ocrx_word' id='word_1_338' title='bbox 2089 4163 2204 4215; x_wconf 78' lang='grc' dir='ltr'>Νςν</span> <span class='ocrx_word' id='word_1_339' title='bbox 2229 4151 2247 4221; x_wconf 82' lang='grc' dir='ltr'>ΙΙ</span> <span class='ocrx_word' id='word_1_340' title='bbox 2274 4158 2358 4205; x_wconf 91' lang='lat' dir='ltr'>est</span> <span class='ocrx_word' id='word_1_341' title='bbox 2381 4158 2435 4204; x_wconf 85' lang='lat' dir='ltr'>et</span> <span class='ocrx_word' id='word_1_342' title='bbox 2459 4169 2490 4203; x_wconf 88' lang='lat' dir='ltr'>r</span> <span class='ocrx_word' id='word_1_343' title='bbox 2515 4150 2533 4219; x_wconf 79' lang='grc' dir='ltr'>ΙΙ</span> 
     </span>
    </p>
   </div>
  </div>
 </body>
</html>
