3052 4823
486 528 784 602 inferret,
847 524 1120 588 Veturia
1161 535 1368 588 mater
1410 534 1475 587 et
1515 523 1871 590 Volumnia
1914 545 2076 586 uxor
2103 522 2615 616 impetrauerunt

488 632 568 694 ab
599 651 674 692 eo
704 637 778 690 ut
814 627 1156 689 recederet.
1182 601 1343 741 'lex‘
1367 627 1615 741 agraria
1654 627 1939 709 primum
1980 627 2113 689 lata
2157 634 2277 688 est.
2343 622 2617 707 Spurius

133 749 228 822 M)
366 727 480 768 f*
487 730 749 795 Cassius
782 727 1136 791 consularis
1162 727 1348 811 regni
1391 728 1659 791 crimine
1690 729 2035 791 damnatus
2066 736 2164 790 est
2194 734 2609 807 necatusque.

487 832 615 895 Ilia
642 831 828 914 uirgo
857 829 1142 901 Vestalis
1171 831 1252 893 ob
1282 830 1602 894 incestum
1648 829 1806 893 uiua
1851 830 2104 893 defossa
2143 838 2262 892 est.
2326 849 2476 890 cum
2520 826 2616 890 ui-

488 934 621 998 cini
648 934 954 1000 Veientes
976 933 1373 996 ‘incommodi
1403 929 1610 1016 magis
1642 953 1837 1014 quam
1870 953 2101 1015 graues
2132 940 2382 1007 essent,
2433 928 2617 992 fami·
2652 941 2681 988 5

487 1036 578 1100 lia
607 1036 952 1100 Fabiorum
991 1035 1059 1097 id
1088 1034 1332 1098 bellum
1372 1036 1727 1118 gerendum
1771 1033 2142 1117 depoposcit
2200 1031 2503 1114 misitque
2545 1030 2616 1093 in

487 1138 556 1200 id
586 1145 900 1200 trecentos
931 1157 1044 1200 sex
1075 1145 1349 1200 armatos
1366 1185 1387 1214 ‚
1452 1137 1564 1220 qui
1610 1138 1691 1200 ad
1722 1137 2090 1200 Cremeram
2133 1144 2383 1218 praeter
2411 1153 2618 1196 unum
2728 1177 2733 1180 -
3046 1101 3049 1178 ⁴

491 1241 570 1302 ab
599 1238 893 1302 hostibus
925 1237 1094 1302 caesi
1133 1248 1307 1302 sunt.
1356 1239 1609 1323 Appius
1654 1237 1967 1303 Claudius
2017 1258 2145 1300 cos·
2196 1258 2345 1299 cum
2392 1236 2617 1299 aduer—
2892 1312 2899 1317 ,
3040 1189 3049 1624 ⁴

491 358 526 419 8
1381 375 1763 418 PERIoCHAE

491 1365 598 1406 sus
651 1342 926 1406 Vulscos
971 1339 1376 1403 contumacia
1426 1341 1743 1404 exercitus
1793 1340 1961 1402 male
2011 1348 2375 1423 pugnatum
2427 1348 2617 1413 esset,

491 1443 813 1506 decimum
843 1464 1159 1526 quemque
1199 1442 1486 1506 militum
1532 1443 1703 1506 fuste
1747 1441 2083 1526 percussit.
2150 1463 2249 1504 res
2290 1450 2621 1524 praeterea
2654 1452 2718 1501 ιο

493 1547 804 1610 aduersus
834 1546 1112 1610 Vulscos
1142 1555 1206 1609 et
1235 1544 1559 1611 Hernicos
1591 1554 1655 1607 et
1669 1544 2025 1624 Veientes*
2049 1554 2113 1606 et
2144 1542 2489 1607 seditiones
2519 1541 2618 1604 in-

322 1677 402 1735 Vf
492 1659 590 1711 ter
617 1646 829 1731 patres
858 1649 1236 1731 plebemque
1267 1647 1577 1712 continet.

1287 1900 1415 1966 EX
1462 1901 1638 1963 LIB.
1692 1901 1826 1962 ΙΙΙ.

498 2117 860 2182 Seditiones
892 2119 970 2183 de
1015 2120 1278 2203 agrariis
1320 2119 1572 2204 legibus
1613 2120 1813 2182 fuere.
1864 2116 2260 2203 Capitolium
2299 2117 2399 2180 ab·
2425 2115 2629 2180 exuli-

495 2223 616 2286 bus
649 2230 713 2284 et
743 2221 946 2285 seruis
976 2232 1366 2305 occupatum
1397 2223 1597 2287 caesis
1628 2222 1731 2285 his
1762 2230 2091 2304 receptum
2121 2230 2239 2283 est.
2276 2241 2507 2282 census
2527 2218 2626 2281 bis
2664 2230 2725 2279 15

497 2334 678 2386 actus
710 2334 828 2386 est.
878 2323 1085 2406 priore
1113 2324 1318 2389 lustro
1349 2347 1543 2388 censa
1572 2334 1726 2391 sunt
1755 2323 2001 2390 ciuium
2030 2323 2243 2405 capita
2272 2342 2405 2386 VIII
2446 2321 2627 2383 milia

497 2446 781 2491 nccxnn
851 2438 1101 2511 praeter
1169 2430 1354 2493 orbos
1425 2430 1769 2511 orbasque‚
1850 2424 2145 2509 sequenti
2202 2444 2387 2489 van
2447 2423 2629 2486 milia

498 2538 804 2621 CCXVIIII.
888 2552 1038 2594 cum
1087 2531 1396 2597 aduersus
1426 2531 1685 2614 Aequos
1730 2528 1898 2595 male
1941 2538 2125 2611 gesta
2153 2548 2253 2589 res
2284 2533 2483 2601 esset,
2547 2526 2625 2587 L.

501 2632 810 2699 Quintius
843 2632 1268 2703 Cincinnatus
1311 2633 1588 2698 dictator
1630 2633 1838 2695 factus
1855 2678 1877 2707 ‚
1941 2651 2091 2691 cum
2146 2649 2294 2693 rure
2338 2626 2629 2689 intentus

501 2731 678 2814 operi
705 2733 946 2797 rustico
977 2742 1177 2810 esset,
1228 2734 1310 2797 ad
1353 2732 1424 2795 id
1461 2734 1709 2797 bellum
1752 2732 2105 2815 gerendum
2136 2727 2475 2797 arcessitus
2507 2736 2625 2790 est.
2662 2736 2729 2787 20

497 2832 554 2897 is
585 2831 790 2896 uictos
820 2833 1036 2898 hostes
1067 2835 1186 2901 sub
1215 2834 1446 2917 iugum
1474 2834 1675 2899 misit.
1739 2832 2146 2895 tribunorum
2172 2829 2377 2914 plebis
2406 2850 2629 2891 nume-

497 2957 606 2998 rus
639 2934 986 3018 ampliatus
1019 2945 1147 3013 est,
1213 2945 1288 3002 ut
1330 2947 1545 3004 essent
1589 2938 1811 3003 decem
1870 2933 2189 3000 tricesimo
2235 2941 2415 2996 sexto
2460 2952 2631 2993 anno

503 3059 538 3099 a
570 3036 795 3120 primis
831 3035 1108 3102 tribunis
1138 3038 1370 3124 plebis.
1420 3039 1642 3124 petitis
1674 3060 1788 3127 per
1826 3037 2073 3121 legatos
2105 3046 2171 3098 et
2200 3033 2429 3097 adlatis
2460 3030 2631 3095 Atti-

501 3139 590 3203 cis
649 3140 900 3223 legibus
958 3141 1038 3203 ad
1081 3141 1567 3205 constituendas
1614 3164 1719 3205 eas
1764 3139 2338 3225 proponendasque
2384 3136 2628 3197 decem-

499 3241 626 3304 uiri
653 3264 769 3327 pro
801 3243 1171 3307 consulibus
1203 3244 1342 3307 sine
1388 3244 1543 3307 ullis
1586 3244 1727 3308 aliis
1772 3240 2253 3325 magistratibus
2299 3236 2498 3301 creati
2543 3236 2633 3299 al·
2662 3247 2732 3297 25

500 3353 635 3406 tero
666 3353 730 3406 et
761 3345 1204 3409 trecentesimo
1235 3365 1407 3409 anno
1440 3368 1636 3430 quam
1660 3348 1871 3408 Roma
1900 3342 2159 3406 condita
2189 3350 2357 3416 erat,
2402 3348 2467 3401 et
2497 3348 2571 3400 ut
2596 3360 2635 3400 a

500 3445 758 3528 regibus
790 3447 872 3508 ad
903 3448 1234 3523 consules,
1269 3448 1363 3510 ita
1393 3470 1431 3515 a
1461 3446 1834 3509 consulibus
1867 3447 1947 3507 ad
1990 3442 2387 3511 decemuiros
2432 3440 2633 3522 impe*

501 3547 670 3611 rium
701 3548 1109 3611 translatum.
1161 3548 1232 3611 hi
1278 3550 1500 3613 decem
1542 3548 1780 3611 tabulis
1810 3548 2031 3631 legum
2059 3545 2285 3630 positis
2317 3566 2463 3608 cum
2495 3564 2629 3605 mo·
3038 3574 3049 3617 q

506 3820 528 3868 1
560 3815 840 3869 uolumina
861 3829 912 3873 N
933 3817 951 3887 ΙΙ
979 3820 1010 3869 4
1033 3816 1150 3870 illia
1170 3829 1234 3870 N.
1263 3816 1444 3887 Oppia
1465 3814 1666 3868 Liuius
1690 3818 1757 3866 42
1784 3814 1801 3885 ΙΙ
1828 3814 1997 3868 uicini
2015 3814 2200 3867 hostes
2219 3828 2285 3875 ςν
2310 3812 2329 3883 ss
2356 3816 2388 3865 6
2413 3811 2638 3883 gerendi

422 3952 438 3963 ‚
498 3893 588 3965 ΝΠ
617 3896 646 3945 7
671 3893 742 3947 ad
765 3911 938 3948 unum
975 3913 1007 3947 r
1031 3894 1050 3965 ΙΙ
1090 3901 1219 3947 sunt
1254 3912 1364 3947 uno
1403 3893 1683 3963 impubere
1722 3892 1872 3947 domi
1906 3890 2095 3943 relicto
2132 3907 2164 3941 r
2190 3888 2207 3959 ΙΙ
2234 3890 2266 3941 9
2308 3886 2641 3941 contumatia

499 3974 588 4043 Nss
620 3977 680 4026 14
715 3974 890 4028 factae
927 3991 993 4037 ςν
1032 3973 1048 4043 fl
1097 3977 1159 4027 16
1194 3978 1411 4027 centum
1449 3977 1711 4042 quattuor
1746 3970 1897 4025 milia
1930 3986 1993 4022 ac
2032 3980 2212 4023 CXIIII
2246 3965 2441 4019 Liuius
2468 3968 2498 4018 3
2526 3965 2544 4035 ΙΙ
2575 3968 2636 4016 17

504 4062 666 4103 CXVII
703 4050 856 4106 milia
891 4062 1176 4105 CCCXVIIII
1216 4048 1411 4103 Liuius
1437 4052 1503 4101 24
1532 4048 1550 4119 11
1581 4051 1643 4100 18
1682 4064 1768 4100 res
1804 4046 1945 4102 male
1981 4053 2136 4115 gesta
2175 4062 2241 4107 ςν
2276 4045 2293 4115 ss
2332 4048 2399 4097 20
2434 4044 2637 4097 rustico

503 4124 654 4194 operi
680 4142 746 4187 ςν
771 4127 788 4195 ΙΙ
817 4129 880 4179 23
915 4144 948 4180 a
970 4146 1056 4181 om
1090 4140 1174 4190 Νς
1199 4128 1216 4197 Ι]
1244 4130 1310 4179 26
1350 4143 1498 4179 nono
1537 4124 1809 4178 tricesimo
1848 4135 1932 4185 Νς
1967 4123 1985 4192 ΙΙ
2027 4126 2087 4174 27
2130 4122 2354 4193 regibus
2392 4121 2640 4175 consules

503 4216 555 4257 N
576 4204 593 4274 ΙΙ
621 4207 686 4256 28
711 4206 1032 4259 translatum
1058 4206 1341 4275 imperium
1367 4222 1397 4256 r
1423 4204 1440 4274 u
1468 4204 1506 4257 ii
1530 4222 1562 4255 r
1588 4203 1605 4272 ΙΙ
