3052 4823
579 306 667 361 VI
1437 319 1832 362 PRAEFATIO.

584 505 664 566 ab
693 523 767 564 eo
798 505 1176 565 recederem.
1216 522 1409 584 quem
1441 503 1635 565 etiam
1666 503 1735 564 i‘n
1762 505 1948 566 rebus
1991 501 2499 586 orthographicis
2531 526 2712 566 secu-

583 619 686 672 tus
717 631 882 684 sum,
919 618 994 672 ut
1020 617 1228 692 p‘auca
1257 601 1474 672 tamen
1497 611 1865 673 adnotanda
1888 609 2102 692 potius
2128 631 2322 691 quam
2344 608 2712 692 recipienda

583 716 900 777 ducerem.
921 734 930 741 ·
953 735 1179 778 uerum
1217 715 1399 778 nolui
1443 715 1715 799 singulis
1761 716 1917 780 locis
1950 697 2291 778 admonere
2306 715 2712 797 „ubicumque

582 843 615 883 e
644 829 709 883 et
740 843 816 883 ae
845 821 1339 884 commutauerit
1382 821 1679 884 librarius
1696 870 1717 897 ,
1772 830 1837 883 et
1883 823 2078 903 quod·
2100 822 2446 905 aliquando
2489 830 2713 885 contra

583 913 1114 990 consuetudinem
1145 926 1388 1010 aliquot
1413 950 1623 1010 neque
1666 949 1817 990 uero
1863 927 2128 1010 aliquod
2166 926 2455 1010 scripsit,
2517 937 2711 1008 atque

585 1031 942 1095 consultius
975 1032 1134 1095 duxi
1175 1033 1372 1096 semel
1413 1033 1519 1096 hic
1562 1055 1821 1096 monere
1865 1055 2187 1115 nusquam
2227 1034 2357 1097 fere
2398 1033 2711 1116 scriptum

583 1149 798 1201 extare
829 1137 922 1213 ei,
961 1138 1087 1214 eia,
1123 1140 1235 1202 sed
1264 1138 1366 1214 hi,
1403 1138 1525 1202 his.
1576 1159 1785 1221 neque
1815 1126 2242 1202 necessarium
2272 1137 2524 1222 putaui,
2561 1161 2713 1201 cum

585 1244 955 1327 saepissime
985 1244 1282 1308 librarius
1313 1245 1368 1308 si
1399 1244 1555 1326 quid
1595 1255 1932 1328 peccatum
1976 1256 2111 1309 erat
2151 1245 2288 1328 ipse
2340 1244 2709 1320 correxerit,

584 1350 749 1413 uitia
779 1350 916 1413 eius
946 1351 1250 1413 adnotare
1275 1398 1295 1426 ,
1339 1349 1628 1432 nisi1ubi
1669 1350 1948 1433 aliquem
1993 1373 2184 1414 usum
2224 1351 2457 1414 habere
2501 1361 2718 1434 posset

583 1467 923 1539 utramque
963 1455 1346 1538 scripturam
1389 1456 1716 1538 cognitam
1761 1456 2017 1518 habere.
2082 1457 2205 1519 hoc
2240 1455 2451 1539 igitur
2498 1455 2716 1518 codice

583 1561 869 1624 adhibito
901 1561 1196 1624 effectum
1224 1583 1360 1625 esse
1387 1572 1573 1645 put0,
1609 1572 1685 1624 ut
1713 1562 1905 1644 longe
1936 1562 2171 1626 certius
2204 1563 2281 1624 de
2313 1561 2720 1644 singularum

583 1667 934 1730 lectionum
967 1666 1343 1730 auctoritate
1373 1665 1686 1729 iudicium
1716 1667 1865 1730 ferri
1896 1678 1996 1743 et,
2046 1669 2216 1750 quod
2254 1667 2407 1730 inde
2450 1668 2709 1749 pendet,
2790 1723 2794 1725 ,

585 1782 1026 1854 corruptarum
1057 1771 1419 1834 emendatio
1450 1771 1750 1854 temptari
1780 1772 2002 1854 possit.
2068 1772 2297 1854 reliqui
2339 1772 2513 1835 enim
2544 1772 2716 1854 codi-

585 1900 725 1954 ces,
763 1888 1077 1960 quotquot
1105 1877 1243 1940 noti
1273 1887 1462 1952 sunt,
1499 1900 1535 1939 e
1564 1877 1728 1940 libro
1760 1879 2034 1960 quodam
2080 1877 2393 1962 originem
2440 1880 2713 1954 ducunt,

587 1984 698 2066 qui
729 1985 793 2046 N
797 1984 1090 2046 azariano
1123 1994 1256 2046 toto
1285 2005 1518 2067 genere
1550 1983 1776 2046 similis
1810 2005 2009 2066 eoque
2040 1985 2197 2047 adeo
2237 1984 2363 2046 hic·
2387 1984 2521 2047 illic
2551 1984 2717 2046 inte-

586 2090 758 2172 grior
787 2090 938 2167 fuit,
971 2103 1046 2153 ut
1075 2091 1228 2153 inde
1260 2102 1475 2174 aperte
1505 2089 1910 2173 perspicitur,
1946 2091 2119 2173 quod
2148 2111 2383 2172 paruae
2406 2092 2721 2173 quaedam

588 2196 857 2258 lacunae
871 2225 900 2272 ,·
929 2197 1162 2279 quibus
1192 2198 1257 2259 N
1261 2196 1592 2259 azarianus
1624 2197 1914 2259 foedatus
1946 2207 2043 2260 est
2063 2244 2080 2272 ,
2127 2195 2195 2257 in
2232 2197 2455 2268 ceteris
2487 2196 2719 2260 codici-

587 2303 708 2366 bus
738 2303 1028 2385 expletae
1060 2313 1246 2378 sunt,
1297 2314 1359 2366 et
1403 2302 1789 2385 quibusdam
1839 2303 1994 2365 locis
2027 2324 2189 2385 quae
2233 2302 2339 2365 hic
2370 2305 2722 2386 deprauata

568 2395 852 2473 'exhibet
883 2410 1223 2473 emendata
1251 2409 1558 2493 leguntur
1586 2407 1655 2471 in
1684 2408 1947 2492 reliquis
1968 2459 1987 2487 ‚
2037 2410 2130 2473 ita
2178 2409 2439 2493 quidem
2483 2420 2557 2472 ut
2585 2430 2721 2471 non

589 2527 722 2579 tam
751 2516 1118 2581 coniectura
1147 2528 1426 2580 correcta
1457 2538 1653 2599 quam
1683 2538 1764 2578 ex
1793 2516 2049 2600 integro
2086 2516 2381 2598 exemplo
2429 2514 2720 2577 deriuata

590 2644 724 2685 esse
764 2622 1131 2705 uideantur.
1189 2634 1255 2685 at
1286 2642 1438 2685 uero
1463 2631 1723 2683 tantum
1754 2622 1954 2695 abest,
1990 2634 2065 2683 ut
2096 2622 2166 2684 hi
2197 2608 2441 2683 codices
2480 2620 2719 2683 librum

588 2727 776 2789 illum
809 2727 1152 2809 antiquum
1181 2727 1396 2809 aliqua
1426 2748 1577 2788 curn
1607 2727 1734 2788 fide
1784 2736 2298 2807 repraesentent,
2350 2737 2425 2789 ut
2480 2726 2722 2809 singuli

590 2833 719 2894 fere
751 2854 899 2895 suos
930 2832 1415 2914 interpolatores
1445 2831 1618 2915 passi
1650 2830 1780 2893 sint
1811 2840 1992 2893 tanta
2024 2830 2287 2893 licentia
2328 2843 2718 2915 grassanteS,

590 2950 664 3001 ut
696 2938 990 3001 omnibus
1022 2938 1292 3000 conlatis
1326 2936 1476 3020 quid
1520 2958 1772 3019 quoque
1817 2937 1956 3000 loco
2010 2936 2367 3020 antiquitus
2414 2937 2723 3001 traditum

519 3089 526 3096 ,
593 3044 675 3107 sit
722 3044 1028 3107 constitui
1083 3066 1210 3107 nou
1269 3043 1493 3127 possit.
1554 3042 1621 3106 id
1672 3042 1886 3125 ipsum
1926 3043 2249 3127 praestitit
2292 3043 2717 3126 Nazarianus,

593 3161 784 3235 atque
816 3174 890 3214 ea
919 3151 1133 3233 potius
1177 3174 1243 3213 re
1291 3150 1592 3214 meritum
1622 3150 1759 3213 eius
1792 3170 2334 3231 quamnouarum
2365 3149 2721 3212 lectionum

592 3256 776 3339 copia
806 3268 870 3317 et
902 3257 1110 3337 specie
1135 3258 1521 3319 continetur.
1554 3255 1691 3317 eius
1722 3277 1875 3319 sane
1908 3254 2168 3330 codiciS,
2204 3256 2386 3319 cuius
2417 3254 2723 3317 lectiones

528 3366 532 3370 ’
596 3386 632 3424 a
664 3364 742 3424 P.
780 3360 1052 3423 Pithoeo
1084 3361 1433 3443 exscriptas
1465 3360 1797 3423 Hearnius
1842 3359 2172 3436 adhibuit,
2224 3370 2356 3423 tam
2398 3372 2535 3424 arta
2574 3382 2723 3421 cum

594 3465 954 3557 Nazariano
997 3456 1293 3549 cognatio
1337 3474 1470 3543 es't,
1526 3476 1600 3528 ut
1646 3464 1879 3528 dubius
1923 3465 2221 3528 haeream
2263 3476 2482 3529 utrum
2526 3465 2607 3527 ab
2650 3485 2725 3526 eo

596 3572 886 3634 diuersus
931 3571 1017 3633 sit
1058 3594 1301 3647 necne,
1353 3582 1533 3633 tanta
1579 3593 1711 3633 non
1753 3571 1961 3634 solum
2008 3573 2323 3635 bonarum
2372 3571 2725 3634 lectionum

597 3679 708 3741 sed
739 3676 1052 3740 eiusmodi
1083 3678 1585 3759 corruptelarum
1606 3725 1625 3752 ,
1692 3677 1909 3759 quales
1958 3699 2109 3740 casu
2142 3680 2417 3759 quodam
2436 3724 2455 3751 ,
2520 3697 2726 3758 neque

594 3784 780 3847 facile
811 3783 1032 3845 eodem
1061 3803 1213 3844 casu
1243 3782 1342 3844 bis
1375 3781 1692 3858 oriuntur,
1726 3804 2073 3845 consensus
2104 3792 2225 3844 est.
2274 3784 2386 3844 sed
2416 3804 2563 3843 cum
2594 3800 2725 3843 non

598 3912 818 3952 omncs
849 3887 1046 3951 huius
1078 3888 1224 3951 libri
1269 3887 1575 3951 lec-tiones
1621 3890 1963 3951 adnotatae
2008 3899 2072 3949 et
2110 3898 2469 3971 praeterea,
2505 3898 2580 3949 ut
2621 3887 2719 3960 fit,

601 3996 730 4058 alia
757 3996 1072 4078 quaedam
1122 4006 1238 4057 aut
1281 4016 1375 4058 ex.
1405 3993 1547 4056 aliis
1592 3993 1915 4057 codicibus
1965 3994 2156 4055 ducta
2204 4004 2319 4055 aut
2363 3992 2727 4056 coniectura

598 4100 868 4164 inuenta
921 4101 1208 4167 admixta
1261 4100 1426 4175 sint,
1479 4111 1923 4183 excerptorum
1986 4099 2491 4162 Pithoeanorum
2538 4095 2607 4158 in
2658 4116 2725 4158 re
