3052 4823
1251 334 1649 378 PRAEFATm.
2404 319 2521 374 XV

380 519 815 603 Obsequentis
845 519 1140 581 libellum
1166 518 1410 582 Oxonii
1441 540 1499 580 a.
1531 538 1794 580 unccul
1824 517 2048 592 edidit,
2086 516 2305 579 inutili
2336 518 2520 579 sedu-

380 627 568 690 litate
604 626 1015 708 antiquarum
1052 625 1412 688 editionum
1453 623 1667 687 uarias
1722 623 2065 706 scripturas
2112 622 2556 706 adscripsisse·

379 743 723 796 contentus
753 755 960 816 pauca
990 743 1246 795 tantum
1275 731 1344 794 in
1375 730 1745 794 nominibus
1774 730 1906 792 fere
1932 729 2236 792 mutauit.
2286 728 2390 792 his
2422 749 2521 790 ac-

382 840 572 904 cessit
587 838 966 903 Franciscus
990 838 1514 920 Oudendorpius‚
1549 837 1660 920 qui
1683 836 2045 900 ineditione
2062 834 2374 918 Lugduni
2396 838 2519 896 Ba·

383 957 680 1009 tauorum
711 969 770 1008 a.
807 961 1078 1008 MDccxx
1101 945 1370 1026 uulgata
1390 955 1645 1027 praeter
1671 945 1913 1006 multas
1941 943 2022 1005 ab
2044 941 2519 1024 ipso-inuentas

382 1051 669 1135 egregias
717 1050 1198 1114 emendationes
1247 1051 1557 1134 Scaliger-i
1604 1048 1867 1113 Heinsii
1914 1047 2235 1112 Perizonii
2278 1048 2517 1131 Cuperi

381 1157 744 1221 Burmanni
809 1157 1192 1220 coniecturis
1254 1180 1408 1223 usus
1481 1156 1959 1240 corruptissimo
2030 1155 2253 1218 libello
2313 1177 2515 1238 quan-

381 1273 522 1326 tum
551 1286 743 1327 nemo
783 1274 1035 1346 praeter
1075 1283 1224 1325 eum
1269 1257 1568 1326 contulit.
1633 1263 1771 1326 eius
1818 1261 2169 1324 editionem
2212 1261 2513 1345 Kappius

382 1369 620 1432 Curiae
649 1369 1084 1452 Regnitianae
1114 1391 1172 1431 a.
1209 1390 1583 1432 MDchxxu
1613 1368 1835 1451 paucis
1868 1367 2103 1430 additis
2134 1390 2298 1450 quae
2327 1369 2515 1451 parui

380 1475 694 1538 momenti
741 1486 919 1550 sunt,
985 1474 1401 1558 Kappianam
1446 1475 1523 1537 C.
1572 1478 1650 1536 B.
1702 1472 1950 1535 Hasius
1992 1483 2140 1554 post
2181 1473 2515 1536 Valerium

381 1580 746 1642 Maximum
799 1579 1088 1661 Parisiis¹
1119 1601 1177 1640 a.
1225 1598 1616 1670 mmccxxni
1658 1577 2120 1660 repetiuerunt.
2196 1578 2367 1642 inter
2408 1601 2514 1642 eos

377 1685 492 1768 qui
520 1697 665 1769 post
694 1685 1230 1767 O'udendorpium
1258 1683 1410 1746 huic
1439 1683 1661 1746 libello
1690 1682 2088 1746 restituendo
2118 1705 2375 1767 operam
2404 1685 2511 1747 de·
2620 1703 2627 1714 ·

379 1793 648 1867 derunt,
699 1794 1169 1854 Heumannum
1213 1791 1283 1853 in
1325 1789 1483 1852 actis
1525 1781 1922 1852 eruditorum
1968 1789 2403 1872 Lipsiensium
2446 1813 2504 1854 a.

378 1917 680 1960 unccxn
711 1919 777 1980 p.
822 1903 937 1959 118
971 1919 1137 1980 ερψ,
1169 1895 1641 1979 Wopkensium
1670 1896 1742 1957 in
1772 1895 2329 1959 obseruationibus
2358 1896 2509 1960 mis-

377 2001 680 2064 cellaneis
711 2024 842 2065 vlu
875 2025 940 2085 p.
982 2007 1094 2063 261
1137 2025 1304 2085 sqq.,
1341 2002 1677 2084 Kappium
1706 2002 1776 2064 in
1808 2001 1989 2065 siluis
2020 2002 2268 2085 Cratyli
2298 2025 2362 2086 p.
2391 2009 2507 2065 108

377 2129 544 2190 ερψ,
569 2101 1006 2190 Ψοβὶωιιεὶηε
1023 2109 1196 2171 solus
1225 2131 1547 2192 perpauca
1574 2109 1749 2171 haud
1771 2107 2113 2172 infeliciter
2134 2108 2503 2191 temptauit.

549 2214 732 2280 Quae
762 2235 913 2277 cum
942 2214 1037 2276 ita
1076 2215 1206 2278 sint
1250 2217 1331 2278 ad
1373 2215 1684 2277 Aldinam
1722 2213 1887 2276 mihi
1927 2215 2329 2279 redeundum
2372 2237 2509 2278 esse

375 2318 709 2394 intellexi,
767 2342 806 2382 a
848 2341 976 2401 qua
1005 2320 1394 2402 ubicumque
1437 2321 1894 2384 discedendum
1934 2322 2197 2402 putaui,
2253 2321 2407 2404 quid
2436 2322 2505 2382 in

377 2447 454 2488 ea
480 2426 800 2508 legeretur
829 2426 1112 2488 indicaui
1143 2450 1184 2488 a
1215 2438 1368 2489 nota
1399 2426 1724 2501 adhibita,
1774 2426 1903 2488 nisi
1944 2430 2116 2508 quod
2161 2430 2497 2510 quaedam,
2564 2434 2569 2442 '

377 2552 540 2612 quae
564 2533 644 2593 ad
676 2531 1202 2615 orthographiam
1246 2541 1540 2613 spectant
1555 2579 1574 2606 ,
1624 2530 1929 2612 quoniam
1974 2553 2051 2594 ea
2094 2534 2174 2595 ab
2217 2535 2385 2596 Aldo
2426 2532 2503 2595 li-

377 2647 595 2700 center
624 2636 1076 2701 administrata'
1103 2660 1241 2701 esse
1271 2637 1410 2700 uidi
1430 2686 1449 2713 ,
1498 2636 1691 2699 tacite
1735 2638 2010 2699 mutaui.
2072 2639 2143 2701 in
2187 2640 2307 2701 hoc
2350 2661 2502 2703 uero

375 2742 680 2826 scriptore
709 2743 931 2808 critica
961 2756 1094 2807 arte
1126 2744 1458 2809 tractando
1481 2765 1730 2827 semper
1756 2744 1887 2807 fere
1918 2766 2152 2828 anceps
2182 2755 2247 2809 et
2276 2768 2502 2829 parum

375 2859 594 2911 tutum
624 2849 936 2912 iudicium
965 2860 1083 2914 est.
1134 2850 1412 2933 primum
1443 2849 1616 2911 enim
1648 2850 1918 2933 scriptor
1958 2861 2089 2914 tam
2129 2851 2345 2914 infans
2377 2863 2497 2928 est,

301 2951 310 2959 '
377 2966 510 3017 tam
539 2956 724 3017 nullo
754 2955 904 3018 stilo
933 2956 1174 3032 utitur,
1224 2968 1299 3019 ut
1341 2976 1635 3018 normam
1674 2978 1801 3037 qua
1831 2957 1973 3038 quis
2003 2968 2224 3020 utatur
2252 2958 2500 3021 nullam

374 3062 696 3143 praebeat.
747 3061 978 3124 deinde
1009 3062 1264 3125 libellus
1294 3060 1432 3122 eius
1461 3060 1737 3141 turpiter
1776 3062 2115 3125 mutilatus
2146 3075 2337 3144 atque
2368 3084 2501 3125 cor-

374 3178 604 3249 ruptus
635 3168 716 3229 ad
746 3187 863 3228 nos
893 3166 1190 3248 peruenit
1221 3176 1322 3241 et,
1379 3168 1552 3248 quod
1580 3165 1930 3248 pessimum
1976 3176 2106 3241 est,
2166 3168 2501 3230 Iucundus

374 3271 762 3336 Veronensis
778 3319 799 3347 ,
846 3270 1031 3335 cuius
1065 3272 1141 3334 'in
1174 3270 1522 3334 tractandis
1556 3271 1966 3353 scriptoribus
1998 3271 2277 3355 antiquis
2306 3272 2503 3336 licen-

289 3396 304 3401 ·
376 3376 534 3440 tiam
563 3378 718 3441 satis
749 3378 1075 3461 cognitam
1104 3378 1414 3441 habemus
1429 3428 1448 3455 ‚
1495 3389 1561 3441 et
1590 3379 1796 3443 Aldus
1828 3378 1988 3462 quin
2017 3378 2255 3443 codicis
2285 3379 2501 3443 lectio-

373 3504 490 3546 nes
532 3484 967 3561 mutauerint‚
1019 3495 1338 3568 quantum
1381 3484 1642 3567 quidem
1686 3486 1820 3549 leui
1864 3508 2054 3569 opera
2091 3486 2233 3548 fieri
2262 3486 2497 3569 potuit,

375 3589 646 3653 dubium
677 3611 812 3652 esse
843 3590 1090 3672 nequit.
1140 3612 1266 3673 quo
1296 3591 1542 3654 factum
1570 3602 1702 3669 est,
1750 3602 1825 3655 ut
1853 3592 2010 3676 quid
2036 3592 2152 3655 illo
2180 3592 2345 3658 libro
2376 3604 2500 3656 tra-

373 3694 582 3757 ditum
611 3695 696 3758 sit
723 3716 1047 3777 nusquam
1077 3695 1233 3759 satis
1264 3708 1434 3760 certo
1463 3708 1736 3761 constet.
1784 3697 2003 3782 itaque
2032 3697 2124 3761 eis
2147 3697 2325 3774 locis,
2362 3699 2501 3780 qui·-

372 3797 494 3861 bus
547 3801 910 3865 emendatio
955 3812 1206 3864 tantum
1255 3824 1389 3864 non
1427 3813 1601 3866 certa
1642 3803 1911 3867 inuenta
1955 3826 2091 3868 esse
2136 3804 2495 3880 uidebatur,

371 3904 650 3987 recipere
683 3928 827 3969 eam
855 3930 987 3971 non
1019 3907 1336 3984 dubitaui,
1372 3919 1449 3971 ut
1477 3909 1607 3971 iam
1638 3910 1857 3991 paullo
1884 3910 2101 3972 minus
2145 3908 2501 3991 inpeditam

373 4010 568 4073 huius
613 4011 761 4075 libri
811 4014 1156 4087 lectionem
1208 4013 1432 4077 fecisse
1478 4012 1731 4087 uidear3
1782 4024 2063 4075 ceterum
2113 4012 2499 4077 adnotandis

374 4126 508 4178 tam
537 4117 696 4181 meis
728 4140 922 4201 quam
951 4120 1226 4195 aliorum
1243 4117 1691 4183 conaminibus
1714 4128 1791 4181 ut
1818 4117 1888 4179 in
1915 4139 1983 4181 re
2012 4117 2255 4183 incerta
2281 4117 2498 4183 rin‘nus
