3052 4823
1279 373 1341 414 T.
1379 372 1522 416 LIVI
1558 372 1605 414 1.
2476 355 2515 414 5

375 545 512 586 ram
543 524 872 586 osculatus
905 533 1023 587 est.
1073 523 1268 607 idque
1296 523 1546 585 factum
1590 522 1727 585 eius
1758 531 2032 585 euentus
2065 520 2507 605 conprobauit.

379 647 534 687 nam
557 648 707 689 cum
728 625 1095 709 inpotenter
1117 648 1185 689 se
1207 625 1487 709 gerendo
1504 623 1897 706 Tarquinius
1941 624 2269 706 Superbus
2294 644 2514 686 omnes

522 913 679 966 Haec
701 912 1032 965 diuersorum
1055 917 1422 980 excerptorum
1431 912 1627 979 frusta
1652 910 1731 962 ita
1755 909 2076 978 interpolata
2102 913 2288 973 extant
2309 908 2366 960 in
2390 925 2454 960 r.-

526 1001 814 1053 Aduentus
839 1002 1023 1054 Eneae
1049 999 1106 1053 in
1131 999 1347 1054 Italiam
1373 1007 1428 1053 et
1458 1017 1545 1052 res
1582 999 1651 1051 ab
1678 1017 1741 1052 eo
1780 1005 1984 1068 gestae.
2035 997 2259 1051 Ascanii
2282 1014 2513 1068 regnum

377 1078 550 1130 Albae
577 1087 631 1132 et
657 1069 816 1131 Siluii
839 1080 1024 1132 Eneae
1049 1097 1111 1132 ac
1137 1079 1392 1148 deinceps
1419 1079 1717 1132 Siluiorum
1745 1091 1938 1144 regum
1963 1073 2137 1143 primo
2153 1072 2293 1125 libro
2341 1071 2513 1124 conti-

380 1163 596 1210 nentur.
635 1157 938 1211 Numitoris
964 1157 1076 1210 filia
1098 1174 1132 1208 a
1154 1157 1335 1210 Marte
1361 1173 1683 1225 compressa.
1723 1152 1839 1205 nati
1878 1149 2149 1203 Romulus
2186 1156 2242 1203 et
2281 1149 2509 1202 Remus.

378 1235 631 1288 Amulius
657 1236 1031 1288 obtruncatus.
1083 1233 1212 1287 urbs
1249 1251 1282 1287 a
1316 1233 1556 1286 Romulo
1594 1231 1841 1294 condita,
1884 1234 2103 1281 senatus
2141 1226 2335 1281 lectus.
2388 1243 2513 1279 cum

381 1313 594 1367 Sabinis
617 1313 899 1366 bellatum.
941 1313 1122 1382 opima
1160 1313 1334 1382 spolia
1371 1312 1497 1364 Ioui
1523 1311 1767 1364 Feretrio
1791 1309 1921 1362 lata.
1961 1309 2020 1360 in
2046 1304 2317 1359 centurias
2340 1321 2513 1374 popu-

381 1392 466 1444 lus
492 1390 721 1444 diuisuS.
762 1391 1054 1445 Fidenates
1081 1399 1136 1444 et
1159 1390 1402 1443 Veientis
1426 1391 1580 1443 uicit.
1618 1387 1890 1442 Romulus
1916 1392 2278 1438 consecratus.

527 1471 710 1524 Numa
733 1469 1035 1539 Pompilius
1059 1470 1199 1522 ritus
1225 1487 1499 1524 sacrorum
1523 1466 1768 1530 tradidit,
1784 1465 1932 1517 'Iano
1950 1462 2212 1531 templum
2229 1459 2515 1514 constituit

379 1551 605 1620 eiusque
628 1555 838 1618 portam
865 1548 1069 1617 pacatis
1095 1546 1346 1600 omnibus
1379 1547 1520 1599 circa
1544 1544 1761 1615 populis
1784 1542 1991 1612 primus
2018 1540 2230 1604 clausit,
2262 1556 2384 1591 cum
2410 1537 2514 1590 dea

379 1627 584 1696 Egeria
609 1626 713 1679 sibi
738 1643 1061 1696 congressus
1086 1633 1383 1678 nocturnos
1409 1641 1526 1676 esse
1552 1621 1813 1676 simulans
1848 1620 2052 1672 feroces
2089 1616 2280 1688 populi
2303 1615 2513 1669 animos

384 1706 453 1758 ad
479 1703 796 1773 religionem
823 1703 1080 1774 perpulit.

530 1782 716 1833 Ancus
743 1780 977 1833 Martius
1004 1779 1321 1833 cerimonias
1346 1797 1380 1831 a
1412 1779 1596 1838 Numa
1620 1777 1899 1830 institutas
1936 1771 2225 1828 renouauit
2245 1812 2259 1837 ‚
2300 1773 2513 1826 Latinis

382 1858 543 1912 uictis
568 1866 624 1911 et
647 1858 716 1910 ad
741 1858 1016 1911 ciuitatem
1043 1859 1265 1912 adscitis
1288 1864 1531 1910 montem
1555 1856 1895 1909 Auentinum
1931 1852 2233 1923 assignauit
2250 1891 2264 1916 ,
2307 1853 2513 1906 Polito-

378 1955 500 1990 rum
524 1936 710 1990 urbem
737 1937 1054 1990 Latinorum
1081 1938 1226 1991 bello
1250 1939 1537 2008 repetitam
1552 1977 1565 2001 ‚
1609 1953 1771 2006 quam
1794 1933 1968 1986 Prisci
2004 1931 2190 1985 Latini
2215 1948 2514 2002 occupaue-

381 2023 523 2079 rant,
571 2015 740 2068 diruit
757 2055 770 2079 ,
819 2022 1040 2085 pontem
1093 2017 1387 2071 Sublitium
1437 2018 1497 2071 in
1534 2013 1732 2086 Tyberi
1768 2012 1901 2066 fecit
1916 2052 1929 2076 ‚
1972 2011 2281 2064 Ianiculum
2318 2011 2512 2064 collem

382 2095 504 2148 urbi
529 2095 758 2158 addidit,
790 2096 923 2148 fines
949 2095 1161 2165 imperii
1185 2095 1432 2164 protulit,
1464 2093 1674 2147 Ostiam
1700 2088 1963 2142 condidit.

531 2169 720 2223 Tullus
747 2171 1020 2224 Hostilius
1046 2171 1292 2224 Albanos
1329 2171 1474 2223 bello
1516 2170 1695 2240 petiit.
1756 2175 1883 2238 post
1917 2169 2051 2221 haec
2088 2166 2512 2238 tergeminorum

383 2263 570 2316 pugna
588 2285 601 2309 ,
643 2245 911 2299 Horatius
947 2247 1230 2300 absolutus
1247 2286 1261 2311 ,
1302 2247 1463 2299 Metii
1487 2246 1711 2303 Fuffetii
1734 2248 2090 2319 supplicium,
2130 2248 2275 2300 Alba
2310 2248 2509 2311 diruta,

384 2322 588 2375 Albani
611 2322 668 2374 in
695 2322 973 2376 ciuitatem
996 2324 1232 2394 recepti,
1287 2323 1502 2379 Sabinis
1526 2325 1731 2380 bellum
1755 2327 2040 2380 indictum.
2080 2327 2151 2379 ad
2174 2333 2513 2397 postremum

383 2401 611 2455 fulmine
636 2401 956 2471 absumptus
983 2408 1083 2454 est.

530 2479 856 2550 Tarquinius
881 2479 1100 2532 Priscus
1125 2479 1182 2531 in
1206 2479 1349 2531 Anci
1373 2478 1664 2532 amicitiam
1688 2486 1936 2550 receptus
1952 2486 2171 2533 centum
2194 2479 2395 2533 additis
2421 2496 2515 2549 pa-

386 2567 530 2609 trum
554 2573 839 2609 numerum
866 2556 1022 2609 auxit
1038 2595 1051 2619 ,
1081 2556 1307 2609 Latinos
1333 2556 1552 2625 subegit
1568 2594 1582 2621 ,
1613 2574 1829 2627 cyrcum
1857 2557 2185 2629 designauit,
2215 2558 2376 2611 ludos
2402 2558 2515 2611 edi-

384 2636 484 2699 dit,
527 2635 852 2689 Sabinorum
877 2635 1023 2688 bello
1058 2635 1264 2705 petitus
1303 2635 1549 2706 equitum
1593 2636 1862 2689 centurias
1898 2635 2202 2705 ampliauit.
2229 2636 2317 2688 hic
2342 2643 2515 2706 temp-

384 2714 548 2765 tande
575 2714 798 2766 scientie
824 2732 984 2766 causa
1008 2714 1161 2767 Accii
1185 2713 1352 2767 Nauii
1377 2714 1599 2783 auguris
1627 2713 1963 2767 consuluisse
1986 2714 2186 2779 fertur,
2243 2732 2313 2767 an
2352 2713 2410 2766 id
2448 2715 2515 2768 de

385 2808 493 2861 quo
520 2790 783 2861 cogitaret
808 2790 946 2843 effici
971 2798 1173 2859 posset.
1213 2790 1361 2860 quod
1399 2808 1522 2843 cum
1546 2790 1638 2845 ille
1662 2792 1778 2846 fieri
1801 2811 1961 2863 posse
1984 2793 2373 2863 respondisset,
2405 2791 2517 2846 ius-

386 2871 518 2923 sisse
545 2887 666 2922 eum
692 2870 962 2922 nouacula
986 2879 1161 2922 cotem
1187 2870 1522 2939 praecidere,
1564 2872 1730 2942 idque
1747 2872 1996 2943 protinus
2020 2873 2243 2926 factum.
2286 2872 2516 2925 Sabinos

384 2955 662 3016 praeterea
685 2946 800 2999 acie
825 2946 988 3009 uicit,
1018 2948 1206 3011 urbem
1230 2964 1386 2999 muro
1412 2948 1770 3003 circumdedit
1788 2989 1802 3014 ‚
1831 2951 2039 3003 cloacas
2063 2950 2210 3003 fecit.

537 3026 759 3079 Seruius
784 3025 996 3078 Tullius
1015 3033 1176 3078 natus
1202 3042 1269 3077 ex
1296 3026 1514 3096 captiua
1550 3028 1911 3083 Corniculana
1946 3030 2035 3083 cui
2071 3046 2242 3098 puero
2276 3029 2334 3080 in
2361 3027 2516 3081 cunis

385 3102 564 3173 posito
591 3108 755 3172 caput
777 3102 971 3154 arsisse
995 3101 1257 3154 traditum
1294 3110 1407 3154 est:
1444 3103 1699 3157 Veientes
1725 3112 1888 3173 atque
1911 3105 2175 3156 Etruscos
2200 3102 2407 3172 proelio
2430 3102 2516 3153 fu-

387 3180 485 3233 dit.
525 3198 746 3233 censum
772 3180 976 3250 primus
1002 3178 1245 3231 omnium
1271 3178 1401 3248 egit,
1431 3180 1666 3232 lustrum
1692 3180 1967 3244 condidit,
1999 3179 2195 3232 classes
2221 3178 2516 3231 centurias-

389 3276 494 3329 que
520 3258 821 3327 descripsit.
862 3256 1161 3326 pomerium
1184 3257 1434 3326 protulit.
1475 3257 1641 3311 colles
1681 3258 1804 3311 urbi
1829 3257 2166 3318 Quirinalem
2194 3256 2515 3311 Viminalem

386 3336 844 3406 Esquilinumque
856 3334 1073 3388 adiecit.
1102 3336 1368 3405 templum
1379 3335 1593 3389 Dianae
1618 3354 1741 3389 cum
1758 3338 1969 3391 Latinis
1994 3337 2345 3391 inAuentino
2364 3337 2512 3391 fecit.

534 3414 600 3466 L.
627 3413 952 3483 Tarquinius
979 3414 1256 3483 Superbus
1282 3415 1461 3467 occiso
1489 3416 1680 3469 Seruio
1707 3416 1822 3469 eius
1847 3434 2033 3470 socero
2059 3414 2263 3469 inuasit
2285 3434 2514 3487 regnum

382 3509 492 3562 quo
519 3492 606 3545 die
633 3492 893 3545 scelerata
915 3491 1095 3545 Tullia
1117 3510 1212 3561 per
1236 3492 1405 3562 patris
1429 3492 1656 3545 iacentis
1682 3510 1877 3563 corpus
1902 3502 2218 3563 carpentum
2239 3492 2370 3561 egit.
2435 3510 2517 3544 ar-

383 3577 558 3622 matos
585 3570 726 3623 circa
750 3588 807 3623 se
832 3571 902 3624 ad
929 3570 1232 3623 custodiam
1258 3570 1497 3639 corporis
1523 3570 1610 3623 sui
1635 3572 1847 3625 habuit.
1899 3572 2143 3626 Turnum
2170 3573 2515 3626 Herdonium

386 3648 576 3700 fraude
601 3648 892 3720 interemit.
932 3648 1139 3700 bellum
1176 3665 1298 3700 cum
1334 3648 1545 3701 Volscis
1584 3650 1754 3719 gessit
1778 3656 1833 3702 et
1857 3667 1924 3702 ex
1950 3668 2135 3703 eorum
2160 3651 2360 3722 praeda
2382 3658 2516 3704 tem-

388 3727 539 3796 plum
562 3726 686 3779 Ioui
711 3727 767 3779 in
794 3727 1048 3797 capitolio
1073 3727 1220 3779 fecit.
1260 3728 1545 3781 Terminus
1570 3736 1627 3783 et
1654 3730 1914 3783 quentas
1940 3748 2051 3784 non
2076 3731 2350 3795 addixere,
2382 3748 2514 3801 quo-

386 3820 507 3855 rum
533 3821 656 3856 arae
680 3804 889 3856 moueri
914 3821 1024 3856 non
1048 3810 1364 3873 potuerunt.
1419 3804 1537 3857 eius
1574 3805 1674 3858 filii
1700 3806 1826 3859 Sex.
1855 3807 2135 3876 Tarquinii
2160 3807 2287 3859 dolo
2314 3807 2519 3860 Gabios

388 3881 445 3934 in
468 3888 793 3950 potestatem
820 3899 973 3935 suam
996 3881 1227 3951 redegit.
1257 3881 1422 3935 huius
1446 3882 1573 3935 filiis
1586 3884 1831 3955 Delphos
1844 3886 2099 3955 profectis
2113 3894 2168 3938 et
2184 3886 2515 3940 consulenti-

386 3958 508 4020 bus,
540 3958 662 4027 qu'is
687 3976 872 4011 eorum
887 3965 1212 4029 regnaturus
1239 3959 1620 4026 essetRomae,
1651 3962 1856 4017 dictum
1882 3969 1965 4015 est
1989 3980 2113 4016 eum
2137 3970 2511 4033 regnaturum,

386 4038 480 4107 qui
505 4038 740 4106 primum
765 4045 990 4090 matrem
1016 4038 1292 4093 osculatus
1317 4044 1477 4091 esset.
1519 4040 1668 4109 quod
1704 4057 2025 4109 responsum
2063 4058 2185 4093 cum
2218 4041 2323 4112 ipsi
2361 4041 2519 4095 aliter

386 4116 889 4183 interpretarentur,
917 4116 1113 4169 Iunius
1130 4117 1353 4181 Brutus,
1384 4117 1478 4187 qui
1504 4136 1629 4171 cum
1652 4118 1718 4171 iis
1742 4118 2017 4188 profectus
2042 4126 2174 4184 erat,
2204 4121 2517 4191 prolapsum

387 4209 444 4243 se
471 4191 753 4245 simulauit
771 4200 826 4246 et
849 4200 1043 4246 terram
1083 4194 1357 4247 osculatus
1383 4200 1483 4247 est.
1547 4194 1713 4265 idque
1748 4194 1951 4248 factum
1992 4195 2108 4249 eius
2145 4205 2403 4251 euentum
2442 4198 2521 4251 rei
