3052 4823
1131 389 1193 431 T.
1231 389 1380 432 ΜΠ.
1407 386 1776 431 L11—L1111.
2443 367 2523 428 59

404 542 534 606 dici
559 541 876 604 terebrare
903 548 1242 615 conantur,
1271 537 1615 622 expirauit,
1646 546 1838 618 atque
1851 535 1920 598 in
1943 535 2160 598 locum
2172 534 2309 598 eius
2332 533 2527 598 frater

399 643 612 707 minor
636 642 1073 717 PtolemaeuS,
1108 641 1219 724 qui
1249 639 1518 724 Cyrenis
1548 640 1882 722 regnabat,
1916 637 2243 702 successit.
2292 637 2525 700 Deme-

401 745 562 809 trius
595 746 675 808 ob
705 743 1152 808 crudelitatem
1185 765 1379 826 quam
1409 742 1480 804 in
1509 763 1659 804 suos
1688 763 1803 824 per
1838 750 2158 803 tormenta
2194 739 2528 802 exercebat

398 849 480 911 ab
510 847 792 910 Diodoto
823 848 1102 930 quodam
1119 883 1140 922 ·,
1185 866 1326 926 uno,
1363 865 1444 907 ex
1473 842 1777 907 subiectis
1795 885 1816 918 ,
1866 841 1979 924 qui
2006 839 2361 904 Alexandri
2388 838 2526 902 filio

347 962 377 1010 5
408 949 658 1012 bimulo
689 950 1037 1012 admodum
1067 969 1339 1030 regnum
1370 947 1727 1020 adserebat,
1758 945 1927 1006 bello
1939 951 2273 1025 superatus
2306 941 2526 1004 Seleu-

399 1073 578 1113 ceam
611 1050 923 1134 confugit.
960 1052 1038 1113 L.
1062 1047 1420 1112 Mummius
1445 1049 1524 1111 de
1547 1045 1827 1110 Achaeis
1857 1043 2307 1130 triumphauit,
2342 1042 2527 1126 signa

402 1174 584 1215 aerea
614 1173 1094 1235 marmoreaque
1125 1160 1189 1213 et
1219 1151 1472 1214 tabulas
1501 1149 1707 1234 pictas
1738 1148 1807 1211 in
1838 1148 2167 1230 triumpho
2199 1145 2372 1210 tulit.

1173 1386 1302 1448 EX
1347 1386 1522 1448 LIB.
1575 1384 1767 1446 LIII.

399 1553 654 1638 Appius
685 1553 997 1619 Claudius
1028 1575 1156 1617 cos
1210 1555 1498 1618 Salassos
1516 1544 1545 1630 ,’
1598 1562 1859 1636 gentem
1900 1550 2210 1634 Alpinam
2250 1550 2520 1614 domuit.

304 1670 368 1719 10
399 1657 564 1720 alter
593 1656 1184 1740 Pseudophilippus
1225 1656 1298 1718 in
1339 1653 1724 1718 Macedonia
1768 1675 1807 1714 a
1849 1655 1926 1716 L.
1964 1651 2305 1716 Tremellio
2336 1674 2623 1742 quae-d

401 1770 570 1824 store
599 1781 750 1822 cum
793 1759 1080 1822 exercitu
1123 1780 1346 1823 caesus
1385 1767 1503 1821 est.
1528 1738 1545 1860 l
1571 1757 1652 1824 Q.
1691 1755 2009 1820 Caecilius
2048 1754 2353 1818 Metellus
2382 1776 2525 1837 pro-

401 1883 529 1925 cos.
567 1861 920 1932 Celtiberos
960 1860 1226 1937 cecidit,
1272 1869 1337 1923 et
1365 1882 1404 1922 a
1434 1860 1516 1927 Q.
1568 1857 1767 1921 Fabio
1810 1879 2058 1942 procos.
2103 1879 2340 1940 magna
2379 1879 2527 1940 pars

402 1962 780 2026 Lusitaniae
809 1962 1196 2045 expugnatis
1227 1962 1487 2045 aliquod
1517 1960 1785 2024 urbibus
1815 1969 2073 2043 recepta
2104 1941 2248 2053 est]
2272 1947 2605 2021 Acilius-“
2710 1950 2714 1958 ¹

402 2073 657 2128 senator
686 2064 932 2127 Graece
960 2084 1060 2126 res
1089 2064 1419 2127 Romanas
1451 2062 1693 2126 scribit.

309 2309 368 2359 15
1134 2299 1263 2361 EX
1310 2299 1484 2361 LIB.
1543 2298 1774 2361 LIIII.

407 2468 490 2534 Q.
527 2465 878 2549 Pompeius
908 2488 1038 2530 cos.
1075 2465 1146 2528 in
1187 2466 1514 2550 Hispania
1560 2466 1997 2531 Termestinos
2040 2464 2317 2549 subegit.
2378 2487 2529 2529 cum

405 2567 612 2631 isdem
642 2579 708 2631 et
736 2567 1160 2631 Numantinis
1189 2590 1415 2651 pacem
1456 2570 1539 2631 ab
1567 2567 1943 2649 infirmitate
1972 2566 2145 2629 fecit.
2182 2568 2461 2630 lustrum
2492 2591 2531 2631 a

407 2670 776 2733 censoribus
805 2671 1140 2734 conditum
1171 2680 1291 2734 est.
1339 2692 1531 2735 censa
1548 2680 1705 2735 sunt
1726 2669 1968 2733 ciuium
1994 2668 2207 2751 capita
2222 2690 2528 2733 cccxxvn

405 2792 719 2838 ccccxml.
771 2793 920 2834 cum
950 2774 1384 2835 Macedonum
1411 2773 1611 2856 legati
1641 2781 1941 2856 questum
1971 2774 2051 2835 de
2082 2775 2167 2836 D.
2205 2773 2399 2836 Iunio
2430 2774 2528 2837 Si—

305 2885 371 2934 20
401 2874 552 2936 lano
581 2883 872 2957 praetore
907 2874 1264 2951 uenissent,
1300 2878 1472 2958 quod
1503 2876 1779 2959 acceptis
1810 2873 2101 2957 pecuniis
2130 2875 2531 2959 prouinciam

404 2974 762 3057 spoliasset,
809 2985 873 3037 et
903 2985 1166 3039 senatus
1199 2978 1278 3039 de
1309 2977 1609 3059 querellis
1641 2999 1863 3039 eorum
1891 2976 2092 3039 uellet
2122 2998 2524 3059 cognoscere,

404 3077 482 3138 T.
520 3076 810 3139 Manlius
841 3078 1241 3159 Torquatus,
1293 3087 1477 3160 pater
1509 3078 1752 3153 Silani,
1798 3077 1990 3160 petiit
2033 3076 2532 3163 impetrauitque

401 3187 477 3240 ut
507 3177 632 3240 sibi
661 3178 944 3261 cognitio
974 3180 1421 3254 mandaretu13
1472 3187 1541 3241 et
1584 3177 1760 3241 domi
1800 3199 1993 3240 causa
2037 3176 2297 3261 cognita
2322 3171 2565 3241 filium'

405 3279 862 3342 condemnauit
891 3279 1360 3362 abdicauitque.
1426 3301 1499 3341 ac
1530 3301 1613 3342 ne
1642 3280 1853 3343 funeri
1883 3278 2143 3362 quidem
2174 3279 2311 3343 eius
2329 3328 2350 3356 ,
2384 3302 2534 3343 cum

305 3392 372 3441 25
403 3381 750 3464 suspendio
779 3381 986 3443 uitam
1013 3381 1303 3458 finisset,
1341 3380 1639 3444 interfuit
1666 3382 2021 3464 sedensque
2052 3382 2227 3469 domi
2255 3393 2533 3467 potesta-

411 3490 542 3545 tem
600 3482 1120 3547 consultantibus
1165 3505 1245 3546 ex
1287 3482 1587 3547 instituto
1630 3483 1804 3546 fecit.
1870 3486 1953 3551 Q.
2001 3484 2240 3575 Fabius
2283 3507 2530 3569 procos.

407 3675 429 3723 1
450 3674 788 3726 contendunt
803 3692 868 3735 ςν
893 3675 911 3745 ΙΙ
939 3679 968 3729 3
985 3692 1146 3745 quem
1169 3670 1221 3727 N
1241 3675 1258 3745 ss
1285 3692 1380 3744 per
1403 3680 1676 3728 tormenta
1697 3675 1755 3727 in
1780 3692 1908 3727 suos
1935 3693 2001 3738 ςν
2026 3676 2043 3745 ΙΙ
2070 3680 2101 3727 4
2117 3694 2150 3728 a
2170 3694 2235 3739 ςν
2260 3675 2277 3743 ΙΙ
2306 3680 2335 3728 5
2364 3675 2536 3728 seleu-

399 3749 537 3803 ciam
565 3769 630 3814 ςν
655 3752 672 3823 ΙΙ
703 3756 768 3805 10
792 3754 1039 3806 tremelio
1081 3754 1188 3823 ςνΙξ
1219 3756 1281 3804 12
1320 3753 1516 3805 cecidit
1552 3764 1604 3806 Ν
1624 3754 1641 3823 ΙΙ
1669 3771 1782 3807 cos.
1818 3754 2219 3822 Oudendorpius
2242 3754 2317 3805 ad
2344 3752 2533 3823 Obseq.

403 3833 460 3883 81
506 3847 630 3899 pars
663 3831 900 3884 maxima
937 3850 968 3885 r
993 3832 1012 3902 ss
1044 3835 1106 3884 13
1130 3832 1318 3884 multis
1343 3832 1573 3884 urbibus
1597 3849 1628 3883 r
1652 3832 1671 3901 ῃ
1696 3831 1908 3884 Acilius
1943 3832 2203 3883 Hertzius
2246 3831 2309 3883 de
2340 3830 2538 3884 Cinciis

391 3925 455 3975 p.
488 3910 547 3959 12
568 3929 586 3959 .-
626 3926 672 3961 c.
701 3908 867 3963 iulius
888 3922 1006 3972 Ngr
1030 3909 1048 3978 ΙΙ
1079 3912 1142 3961 14
1168 3908 1382 3977 scripsit
1409 3926 1474 3970 ςν
1499 3909 1517 3978 ΙΙ
1550 3913 1611 3960 17
1640 3909 1842 3962 eisdem
1868 3906 2087 3977 quidem
2114 3912 2169 3959 et
2192 3924 2223 3957 r
2249 3906 2265 3975 ΙΙ
2294 3906 2364 3957 ob
2388 3905 2534 3958 infir-

401 3986 644 4039 mitatem
665 4004 790 4055 ygr.
819 4005 852 4039 a
875 3988 1078 4057 populo
1103 3988 1353 4039 Romano
1377 3986 1701 4041 infirmatam
1721 3985 2023 4037 Gronovius
2050 3984 2067 4053 ΙΙ
2099 3986 2161 4036 18
2186 3990 2317 4036 sunt
2336 4002 2421 4035 om
2436 4003 2473 4046 ς
2496 3984 2513 4054 ΙΙ

401 4076 703 4117 cccxxvnl
727 4064 880 4117 milia
905 4084 970 4127 ςν
995 4065 1014 4135 {1
1045 4068 1107 4117 19
1133 4076 1452 4118 ccccxxxn
1491 4084 1528 4126 ς
1552 4064 1571 4133 ΙΙ
1597 4070 1954 4132 conquestum
1999 4061 2280 4116 uenissent
2313 4080 2345 4115 r
2369 4062 2389 4132 [Ι
2427 4063 2537 4133 syl-

405 4142 628 4272 lanotgr
654 4141 672 4211 ss
700 4145 765 4288 2}
793 4142 1002 4213 Syllani
1027 4150 1181 4213 pater
1212 4160 1244 4195 r
1269 4142 1286 4212 ΙΙ
1315 4146 1380 4196 23
1404 4142 1507 4195 sibi
1532 4140 1846 4195 huiusmodi
1872 4140 2115 4211 quaestio
2144 4159 2209 4205 ςν
2235 4140 2252 4212 ΙΙ
2281 4145 2342 4195 24
2370 4142 2539 4196 abdu-

406 4236 527 4271 cam
555 4236 662 4289 que
687 4236 718 4270 r
1917 4244 1921 4247 -
