3052 4823
512 337 593 398 88
753 349 760 356 ·
1386 358 1769 402 ΡΕΒΙΟΟΗΑΕ

507 506 712 572 milia:
773 507 870 570 M.
907 506 1178 570 Crassus
1209 516 1280 570 et
1303 508 1426 571 Cn.
1463 507 1812 592 Pompeius
1838 508 2137 574 consules
2166 509 2345 587 facti,
2378 515 2419 588 †
2440 509 2539 574 sic
2566 520 2647 574 ut
2714 544 2725 548 ·

509 608 858 693 Pompeius
882 618 1228 690 antequam
1249 619 1660 692 quaesturam
1680 620 1948 694 gereret,
1985 633 2067 674 ex
2088 611 2301 695 equite
2314 613 2638 688 Romarm,

506 710 913 789 ,tribunitiam
942 721 1329 793 potestatem
1357 712 1802 776 restituerunt.
1853 704 2095 777 iudicia
2124 735 2377 796 quoque
2398 735 2513 796 per
2536 714 2634 776 M.

507 812 848 876 Aurelium
878 813 1137 876 Cottam
1165 825 1525 896 praetorem
1549 816 1631 876 ad
1660 814 1907 896 equites
1951 816 2283 880 Romanos
2327 815 2643 880 translata
2668 881 2681 892 ,

467 919 473 926 ’
505 926 684 994 sunt.
763 914 1171 979 Mithridates
1214 916 1657 998 desperatione
1699 938 1912 980 rerum
1954 939 2216 981 suarum
2258 928 2515 981 coactus
2562 918 2644 980 ad
2676 929 2709 978 5

508 1018 857 1102 Tigranem
879 1015 1231 1080 'Armeniae
1260 1039 1479 1101 regem
1511 1018 1825 1102 confugit.
1936 1027 1960 1096 j
2114 1027 2121 1034 ‘

1080 1217 1088 1226 ’
1207 1252 1336 1315 Ex
1380 1252 1937 1317 LIB.XCV111.
2048 1278 2057 1288 ·

506 1423 844 1486 Machares
883 1422 1058 1486 filius
1090 1422 1512 1499 Mithridatis,
1558 1422 1827 1507 Bospori
1855 1443 2005 1500 rex,
2044 1445 2083 1486 a
2112 1424 2191 1485 L.
2236 1423 2511 1487 Lucullo
2562 1423 2635 1486 in

507 1524 857 1588 amicitiam
885 1535 1180 1609 receptus
1211 1523 1329 1588 est.
1395 1526 1518 1588 Cn.
1555 1525 1876 1588 Lentulus
1920 1535 1986 1588 et
2015 1526 2093 1588 L.
2132 1524 2385 1589 Gellius
2416 1547 2637 1588 censo-

505 1650 606 1691 res
653 1633 942 1711 asperam
997 1646 1337 1691 censuram
1376 1636 1653 1711 egerunt
1682 1624 2019 1708 “quattuor
2059 1637 2125 1690 et
2158 1625 2497 1711 ‘sexaginta
2540 1648 2637 1690 se·
2674 1639 2743 1689 10

504 1741 669 1792 natu
696 1729 913 1792 motiS.
966 1751 1007 1791 a
1035 1729 1267 1812 quibus
1298 1727 1503 1791 lustro
1535 1728 1793 1792 condito
1836 1751 2029 1793 censa
2056 1739 2211 1792 sunt
2252 1729 2497 1792 ciuium
2536 1751 2638 1792 ca-

501 1831 640 1915 pita
683 1850 895 1894 Dcocc.
923 1832 1031 1896 .L.
1084 1830 1389 1893 Metellus
1419 1841 1674 1914 praetor
1701 1831 1772 1894 in
1804 1830 2027 1894 Sicilia
2056 1830 2363 1894 aduersus
2393 1831 2634 1914 piratas

503 1954 803 2016 prospere
832 1953 969 1994 rem
997 1931 1220 2014 gessit.
1284 1933 1602 2015 templum
1632 1933 1813 1997 Iouis
1842 1933 1913 1995 in
1944 1932 2317 2016 Capitolio,·
2336 1935 2508 2017 quod
2536 1932 2663 1996 in-'

505 2033 733 2097 cendio
765 2044 1222 2115 consumptum
1251 2055 1324 2095 ac
1354 2033 1667 2119 refectum
1696 2045 1866 2111 erat,
1917 2057 1954 2097 a
1974 2036 2067 2101 Q.
2105 2036 2340 2099 Catulo
2384 2035 2634 2099 dedica-

457 2215 464 2220 ·
506 2149 649 2200 tum
678 2147 797 2201 est.
825 2137 926 2199 ·L.
961 2134 1276 2198 Lucullus
1289 2135 1376 2197 ·in
1420 2135 1729 2199 Armenia
1758 2136 2187 2200 Mithridaten
2216 2148 2282 2200 et
2312 2137 2637 2220 Tigranen
2671 2148 2738 2198 15

455 2229 472 2270 ¹·
504 2248 569 2302 et
600 2237 917 2324 ingentes.
953 2235 1290 2320 utriusque
1333 2237 1504 2320 regis
1546 2238 1760 2324 copias
1804 2238 2099 2322 pluribus
2140 2238 2397 2322 proeliis
2438 2227 2648 2302 fudit.-

506 2343 589 2410 Q.
628 2339 936 2403 Metellus
967 2345 1213 2423 procos.
1248 2339 1420 2403 bello
1465 2342 1774 2405 aduersus
1806 2342 2143 2405 Cretenses
2172 2327 2479 2404 mandato
2511 2337 2634 2425 Cy—

505 2442 767 2514 doniam
794 2442 1022 2527 urbem
1052 2440 1322 2517 obsedit.
1373 2444 1449 2515 C.
1487 2444 1773 2523 Triarius
1812 2444 2067 2531 legatus
2107 2442 2369 2507 Luculli
2410 2444 2633 2505 aduer-

503 2569 612 2611 sus
659 2544 1089 2631 Mithridaten
1131 2566 1359 2627 parum
1401 2536 1699 2630 prospere
1732 2544 2081 2634 pugnauit.
2154 2543 2505 2609 Lucullum
2548 2566 2631 2615 ne
2730 2609 2739 2619 ,
2780 2624 2787 2631 .

439 2714 446 2719 ,
499 2650 984 2733 persequeretur
1013 2634 1442 2733 Mithridaten
1473 2669 1546 2709 ac
1577 2648 1904 2731 Tigranen
1945 2668 2390 2730 summamque
2431 2646 2635 2709 uicto-
2668 2657 2736 2708 20

497 2750 631 2813 riae
660 2748 997 2831 inponeret
1028 2737 1258 2811 seditio
1287 2748 1575 2819 militum
1598 2749 1815 2813 tenuit
1846 2748 1958 2833 qui
1989 2750 2170 2833 sequi
2195 2749 2531 2813 nolebant.·
2557 2749 2629 2811 id

502 2861 599 2915 est
625 2849 910 2933 legiones
942 2849 1324 2915 VaIerianae
1342 2898 1363 2926 ,
1415 2873 1579 2933 quae
1608 2838 1876 2937 impleta
1906 2838 2043 2916 ase
2071 2851 2394 2936 stipendia.
2422 2852 2635 2917 dicen-

501 2964 597 3015 tes
630 2952 984 3016 LucuUum
1013 2951 1434 3035 reliquerunt.

1179 3131 1308 3212 Ex
1352 3147 1530 3210 ΠΒ.
1580 3148 1949 3213 xcvnn.

501 3302 584 3395 Q.
632 3288 938 3373 Metellus
982 3321 1227 3383 procos.
1282 3267 1543 3363 Cnoson
1606 3315 1671 3365 et
1715 3268 1995 3385 Lyctum
2050 3310 2122 3379 et
2167 3298 2527 3383 Cydoniam
2567 3310 2732 3369 et·25

499 3402 656 3464 alias
686 3401 997 3485 plurimas
1027 3402 1216 3464 urbes
1261 3402 1686 3485 expugnauit.
1748 3405 1826 3467 L.
1876 3402 2151 3467 Roscius
2198 3401 2347 3465 trib.
2398 3402 2513 3484 pl„
2538 3402 2627 3464 le-
2741 3411 2748 3416 '

497 3523 646 3585 gem
691 3501 845 3564 tulit
886 3511 962 3564 ut
1019 3502 1343 3584 equitibus
1399 3503 1715 3567 Romanis
1769 3504 1840 3566 in
1890 3505 2144 3569 theatro
2186 3524 2352 3589 xmr
2394 3505 2630 3588 gradus

487 3737 524 3787 ’1
555 3733 774 3788 milibus
801 3752 868 3799 ςν
893 3726 910 3804 [Ι
936 3735 1068 3790 facti
1093 3736 1190 3789 sed
1217 3754 1267 3801 ς,
1297 3736 1429 3790 facti
1453 3744 1585 3791 sunt
1608 3738 1750 3791 sicut
1772 3755 1804 3790 r
1829 3739 1847 3810 ss
1873 3741 1903 3791 3
1930 3739 1997 3790 L.
2039 3736 2290 3807 Siqonius
2316 3738 2335 3808 ss
2363 3741 2393 3791 8
2418 3722 2654 3791 Nacha-'

494 3830 580 3867 res
605 3831 636 3867 r
661 3812 679 3885 ΙΙ
707 3812 911 3871 bosfori
932 3824 1033 3877 Νς,
1064 3813 1334 3882 Bosphori
1357 3830 1389 3866 r
1414 3814 1431 3883 ΙΙ
1464 3816 1520 3865 11
1562 3814 1797 3867 lustrum
1835 3813 2115 3867 conditum
2156 3820 2241 3867 est
2274 3832 2305 3866 r
2341 3814 2360 3885 ΙΙ
2403 3818 2463 3867 12
2500 3831 2631 3883 qua-

497 3891 788 3962 dringenta
827 3890 1224 3963 quinquaginta
1257 3890 1428 3945 milia‘
1445 3909 1477 3943 r
1503 3891 1520 3961 ΙΙ
1554 3895 1615 3944 14
1653 3898 2033 3967 consumptum
2072 3898 2188 3945 erat
2210 3892 2473 3946 refectum
2497 3911 2530 3946 a
2553 3910 2585 3944 r
2608 3891 2659 3962 ss,

495 3977 550 4024 et
573 3971 867 4041 tigridaten
901 3983 953 4024 N
973 3972 992 4041 ΙΙ
1023 3974 1084 4025 16
1111 3970 1400 4045 immensas
1436 3987 1468 4023 r
1504 3970 1522 4043 ss
1558 3970 1783 4025 floribus
1817 3983 1868 4024 N
1888 3971 1905 4041 ΙΙ
1932 3969 2118 4024 multis
2143 3972 2528 4025 certaminibus
2552 3989 2584 4024 r
2608 3972 2629 4041 ΙΙ
2730 4002 2735 4007 ·

498 4051 559 4117 Γ]
585 4049 730 4102 bello
757 4048 859 4103 sibi
885 4067 917 4101 r
941 4048 960 4119 ΙΙ
988 4052 1048 4101 21
1071 4049 1212 4118 quia
1229 4060 1314 4111 Νς
1339 4050 1356 4119 ΙΙ
1378 4048 1440 4101 id
1455 4056 1539 4102 est
1565 4060 1778 4118 quaeN,
1807 4049 1867 4101 id
1890 4055 1974 4102 est
1999 4048 2125 4118 quia
2151 4067 2217 4112 ςν
2241 4048 2260 4119 ΙΙ
2288 4052 2354 4102 22
2380 4068 2518 4119 quae
2543 4068 2628 4102 om

497 4145 562 4189 ςν
587 4126 605 4197 {l
633 4130 697 4180 25
724 4146 937 4197 gnoson
963 4146 1029 4191 ςν
1053 4128 1072 4199 ss
1096 4129 1328 4198 Lyctum
1361 4127 1723 4197 Moy'untina:
1771 4127 1973 4199 lycium
2008 4139 2135 4191 Νςν·
2163 4128 2181 4199 ss
2220 4128 2517 4199 cydoneam
2539 4141 2591 4182 Ν
2612 4128 2631 4197 ΙΙ

495 4208 560 4258 26
588 4205 836 4259 ciuitates
861 4222 893 4256 r
919 4204 938 4274 ΙΙ
2380 4200 2387 4208 ’
