3052 4823
1147 329 1210 372 Τ.
1248 329 1390 372 1.1v1
1423 327 1890 371 cxxv—cxxx.
2470 307 2591 369 105

469 478 676 542 uictos
709 476 894 561 Syria
923 477 1174 561 expulit
1203 476 1490 541 Labieno
1534 497 1754 540 eorum
1783 477 1945 539 duce
1977 475 2205 540 occiso.
2254 497 2402 539 cum
2431 473 2590 538 uici-

401 599 408 605 ·
467 601 592 642 nus
622 578 852 642 Italiae
882 578 1086 642 hostis
1120 579 1269 642 Sex.
1306 577 1654 661 Pompeius
1697 576 1987 640 Siciliam
2028 586 2275 640 teneret
2319 587 2383 640 et
2422 598 2593 640 com-

474 681 786 744 mercium
815 703 1110 744 annonae
1139 680 1457 764 inpediret
1472 728 1491 756 ,
1542 680 2015 762 expostulatam
2057 702 2207 743 cum
2250 701 2325 742 eo
2366 699 2595 762 pacem

470 784 706 846 Caesar
735 793 801 846 et
829 783 1155 846 Antonius
1185 783 1474 846 fecerunt
1496 781 1592 845 ita
1620 792 1696 845 ut
1728 781 2017 844 Siciliam
2045 779 2450 866 prouinciam
2478 779 2591 841 ha-

405 897 436 946 5
467 886 665 948 beret.
712 893 1040 968 praeterea
1071 896 1286 948 motus
1314 885 1572 947 Africae
1604 894 1670 947 et
1697 884 1871 947 bella
1899 883 1991 946 ibi
2020 893 2205 967 gesta
2234 880 2545 946 continet.
2656 909 2712 938 ιβ

1124 1046 1254 1108 ΕΧ
1299 1046 1476 1108 LIB.
1528 1044 1927 1110 CXXVIII.

472 1179 640 1241 Cum
672 1178 822 1242 Sex.
862 1181 1208 1264 Pompeius
1240 1203 1460 1244 rursus
1492 1179 1845 1244 latrociniis
1888 1202 2062 1244 mare
2106 1179 2416 1242 infestum
2455 1179 2596 1241 r'ed-

476 1280 654 1342 deret
682 1303 802 1344 nec
831 1303 1055 1364 pacem
1087 1305 1282 1365 quam
1312 1293 1642 1368 acceperat
1671 1292 2023 1366 praestaret
2041 1331 2062 1358 ,
2107 1284 2343 1346 Caesar
2381 1302 2597 1372 neces-

469 1381 634 1444 sario
667 1385 974 1446 aduersus
1007 1406 1156 1446 eum
1184 1385 1354 1447 bello
1400 1395 1694 1467 suscepto
1738 1385 1988 1446 duobus
2031 1383 2373 1447 naualibus
2416 1403 2597 1466 proe-

255 1521 262 1528 ·
373 1494 436 1544 10
464 1481 570 1546 liis
601 1505 752 1546 cum
781 1484 976 1547 dubio
1009 1495 1249 1548 euentu
1277 1486 1619 1569 pugnauit.
1688 1488 1764 1547 P.
1802 1484 2172 1561 Ventidius,
2211 1485 2463 1568 legatus
2495 1484 2591 1545 M.

467 1583 741 1662 Antoni,
777 1585 1052 1648 Parthos
1084 1585 1153 1647 in
1186 1586 1371 1669 Syria
1398 1587 1639 1669 proelio
1670 1586 1830 1650 uicit
1862 1607 2205 1669 regemque
2228 1607 2467 1648 eorum
2496 1607 2600 1648 oc-

386 1748 394 1756 ,
472 1683 649 1748 cidit.
723 1686 950 1749 Iudaei
996 1680 1249 1770 &ioque
1281 1711 1318 1751 a
1360 1688 1590 1772 legatis
1617 1687 1867 1752 Antoni
1898 1687 2147 1751 subacti
2177 1699 2351 1750 sunt.
2420 1707 2599 1768 prae-

476 1796 648 1850 terea
676 1787 833 1850 belli
863 1798 1242 1870 apparatum
1281 1790 1593 1854 continet.

1105 1951 1235 2013 EX
1279 1951 1456 2014 LIB.
1507 1951 1846 2015 CXXVII
1850 1951 1923 2014 II
1932 1997 1947 2012 .

379 2091 439 2141 15
470 2081 799 2146 Aduersus
833 2081 984 2146 Sex.
1022 2085 1409 2169 Pompeium
1452 2086 1632 2150 uario
1675 2079 1920 2150 euentu
1961 2085 2303 2150 naualibus
2344 2082 2601 2167 proeliis

474 2193 837 2265 pugnatum
867 2196 963 2249 est
991 2186 1086 2250 ita
1115 2199 1189 2250 ut
1219 2210 1300 2250 ex
1322 2187 1573 2251 duabus
1600 2189 1891 2252 Caesaris
1916 2188 2227 2251 classibus
2244 2187 2466 2262 altera,
2496 2184 2604 2248 cui

472 2284 760 2367 Agrippa
788 2299 1111 2370 praeerat,
1159 2287 1483 2366 uinceret,
1530 2290 1767 2365 altera,
1814 2311 2010 2371 quam
2039 2290 2273 2353 Caesar
2303 2291 2600 2362 duxerat,

477 2386 689 2448 deleta
719 2387 995 2469 expositi
1023 2388 1089 2450 in
1125 2399 1359 2452 terram
1387 2389 1629 2453 milites
1668 2390 1740 2453 in
1779 2393 2017 2474 magno
2047 2389 2329 2474 periculo
2360 2397 2596 2451 essent.

474 2489 688 2553 uictus
719 2489 952 2575 deinde
984 2490 1330 2574 Pompeius
1361 2491 1432 2554 in
1465 2492 1754 2555 Siciliam
1783 2492 2089 2577 profugit.
2154 2492 2252 2555 M.
2289 2490 2597 2573 Lepidae,

380 2600 445 2651 20
477 2589 588 2673 qui
618 2613 698 2653 ex
731 2590 945 2653 Africa
975 2592 1158 2654 uelut
1189 2594 1271 2655 ad
1301 2592 1673 2656 societatem
1703 2595 1858 2657 belli
1887 2606 2113 2659 contra
2142 2594 2293 2657 Sex.
2328 2595 2603 2674 Pompe-

474 2693 612 2756 ium
629 2716 667 2757 a
683 2695 954 2757 Caesare
977 2693 1244 2777 gerendi
1275 2694 1631 2771 traiecerat,
1652 2719 1801 2760 cum
1814 2697 2058 2760 bellum
2075 2694 2337 2759 Caesari
2350 2716 2605 2777 quoque

471 2794 762 2872 inferret,
795 2795 1058 2860 relictus
1093 2798 1172 2859 ab
1203 2798 1512 2873 exercitu,
1550 2799 1853 2883 abrogato
1886 2798 2335 2862 triumuiratus
2363 2816 2607 2859 nonore

472 2896 680 2960 uitam
708 2898 1101 2981 impetrauit.
1153 2900 1248 2962 M.
1286 2898 1577 2983 Agrippa
1611 2901 1834 2963 nauali
1865 2922 2096 2964 corona
2126 2922 2166 2962 a
2194 2900 2464 2963 Caesare
2493 2898 2603 2961 do-

474 3007 667 3061 natus
699 3009 820 3075 est,
855 3000 967 3082 qui
996 3001 1202 3063 honos
1234 3000 1404 3063 nulli
1433 3010 1586 3063 aute
1617 3023 1769 3064 eum
1796 3001 2057 3064 habitus
2088 3010 2246 3064 erat.

378 3164 444 3215 2⁵
1185 3162 1314 3225 Ex
1359 3161 1537 3224 LIB.
1590 3160 1880 3249 cxxx.

475 3292 571 3354 M.
607 3291 936 3363 Antonius
965 3296 1121 3359 dum
1151 3318 1301 3359 cum
1324 3297 1665 3380 Cleopatra
1693 3294 2081 3372 luxuriatur,
2120 3295 2296 3358 tarde
2321 3292 2606 3357 Mediam

476 3527 506 3576 3
532 3542 780 3579 annonae
805 3535 1208 3581 commeatumr
1233 3530 1252 3600 ss
1279 3529 1679 3601 expostulatam
1703 3547 1827 3583 cum
1850 3546 1915 3582 eo
1939 3529 2135 3599 semp-si
2145 3550 2163 3581 .-
2190 3546 2254 3581 eo
2279 3526 2608 3599 postulatam

477 3621 600 3656 cum
623 3617 724 3670 Νς,
755 3622 876 3658 cum
903 3622 966 3657 eo
991 3607 1322 3675 postulatam
1346 3626 1377 3659 r
1402 3607 1420 3676 {l
1446 3611 1478 3659 4
1507 3607 1726 3677 quidem
1749 3607 1999 3659 fecerunt
2022 3624 2053 3657 r
2078 3605 2097 3676 ss
2125 3610 2155 3657 5
2180 3604 2257 3657 ibi
2285 3624 2351 3667 ς.·
2376 3604 2434 3656 in
2456 3614 2519 3667 N,
2550 3604 2607 3655 in

480 3698 544 3733 ea
563 3700 619 3750 9,
649 3701 734 3734 om
759 3700 790 3734 r
813 3686 833 3752 ῃ
861 3686 888 3733 7
916 3699 1130 3735 rursum
1154 3702 1185 3735 r
1211 3685 1228 3751 ΙΙ
1255 3688 1286 3737 9
1312 3684 1458 3736 bello
1483 3691 1673 3737 contra
1696 3701 1820 3737 eum
1845 3703 1876 3736 r
1902 3684 1919 3753 ΙΙ
1952 3688 2013 3736 10
2032 3702 2154 3736 cum
2169 3699 2300 3735 omr
2324 3682 2342 3750 ss
2366 3680 2431 3734 P.
2456 3681 2611 3750 Siqu-

478 3756 600 3821 nius
618 3778 638 3809 .·
664 3758 704 3811 l.
721 3770 836 3820 Νςν
861 3758 879 3827 ΙΙ
911 3762 966 3809 11
986 3759 1192 3828 proelio
1204 3777 1334 3812 omr
1357 3759 1375 3828 ΙΙ
1402 3759 1723 3812 interemitr
1748 3760 1765 3829 ΙΙ
1797 3764 1857 3812 12
1872 3758 2225 3828 interemptir
2249 3758 2267 3828 ΙΙ
2300 3762 2361 3809 15
2386 3774 2501 3810 sex.
2523 3775 2608 3809 om

476 3836 568 3906 Nu
594 3837 980 3890 certaminibus
1005 3854 1036 3887 r
1061 3838 1078 3905 ΙΙ
1113 3841 1174 3890 16
1201 3847 1264 3891 ut
1288 3839 1516 3891 duarum
1544 3837 1784 3891 Caesaris
1810 3839 2062 3891 classium
2087 3856 2118 3889 r
2143 3836 2161 3907 n
2194 3841 2253 3890 18
2294 3836 2493 3890 milites
2524 3854 2610 3889 om

477 3924 530 3965 N
551 3913 568 3983 ΙΙ
596 3931 718 3967 cum
742 3915 802 3967 in
829 3933 893 3977 ςν
919 3915 937 3985 ΙΙ
966 3932 1126 3985 quam
1150 3916 1386 3969 maximo
1413 3934 1444 3968 r
1469 3917 1574 3985 {1221
1609 3934 1640 3968 a
1657 3934 1740 3969 om
1758 3930 1807 3969 N
1829 3918 1846 3987 ll
1874 3933 1996 3968 cum
2015 3916 2065 3967 ei
2089 3935 2120 3968 r
2146 3916 2163 3986 ΙΙ
2190 3933 2497 4007 caesarque·
2502 3924 2601 3980 Νς,

482 3994 680 4047 Caesar
705 4010 964 4063 quoquer
989 3994 1006 4062 ss
1035 3997 1098 4046 22
1125 3994 1344 4048 relictus
1368 3995 1437 4048 ab
1461 3995 1797 4047 Frobenius:
1822 3995 2013 4048 relicto
2030 4007 2145 4057 Νςν
2162 3994 2188 4066 ΙΙ
2215 3999 2279 4047 24
2296 3994 2544 4047 neminir
2569 3996 2585 4065 ss

483 4074 550 4124 26
577 4071 707 4124 (111111
737 4101 798 4110 -
828 4072 980 4125 tarde
996 4078 1122 4141 post
1145 4082 1258 4127 erat
1285 4093 1348 4143 p.
1383 4077 1512 4138 105,
1561 4077 1626 4125 21
1652 4084 1733 4143 Ny
1760 4074 1778 4144 ΙΙ
1805 4072 2173 4127 luxuriaretur
2214 4092 2281 4137 ςν
2305 4074 2323 4144 ss
2348 4074 2501 4128 tarde
2526 4092 2610 4127 om

487 4168 552 4213 ςν
578 4149 596 4220 ss
622 4148 863 4203 Mediam
888 4149 1224 4221 prouinciam
1247 4168 1280 4203 r
1303 4152 1322 4222 ss
