3052 4823
533 340 614 402 38
1411 359 1794 402 anocmffl

531 509 838 572 Insubres
884 505 1112 570 Gallos
1153 505 1426 570 feliciter
1465 517 1687 590 gestae
1729 506 2115 570 referuntur.
2194 517 2459 570 senatus
2500 517 2661 569 tunc

527 609 812 692 primum
839 618 1122 672 secretus
1153 631 1188 671 a
1219 609 1462 692 populo
1482 608 1671 671 ludos
1704 607 2043 689 spectauit.
2094 607 2165 670 id
2192 618 2269 670 ut
2296 609 2479 671 fieret
2502 608 2655 671 Sex.

527 711 758 775 Aelius
807 711 1048 784 Paetus
1091 719 1158 772 et
1197 711 1274 772 C.
1311 709 1653 776 Cornelius
1697 709 2023 792 Cethegus
2054 731 2349 773 censores
2378 709 2660 773 interue-

528 823 768 878 nerunt
797 834 950 876 cum
976 810 1422 894 indignatione
1463 809 1693 894 plebis.
1756 810 2045 874 coloniae
2086 812 2306 893 p'lures
2350 813 2661 876 deductae

529 924 706 980 sunt.
743 916 842 978 M.
871 912 1138 977 Porcius
1169 913 1334 976 Cato
1363 915 1442 976 de
1471 910 1801 993 Hispania
1830 911 2283 997 triumphauit.
2334 914 2413 976 T.
2451 915 2664 982 Quin·
2698 927 2729 977 5

530 1015 662 1080 tius
693 1013 1098 1078 Flamininus
1113 1062 1133 1092 ‚
1168 1014 1282 1098 qui
1311 1013 1695 1097 Philippum
1726 1014 2156 1078 Macedonum
2184 1037 2401 1098 regem
2430 1024 2497 1078 et
2524 1017 2590 1078 Ν
2593 1037 2659 1078 a-

527 1117 748 1180 bidem
796 1115 1454 1179 Lacedaemoniorum
1505 1125 1857 1197 tyrannum
1908 1115 2156 1180 uicerat
2198 1116 2664 1200 Graeciamque

533 1239 791 1280 omnem
817 1216 1227 1292 liberauerat,
1262 1216 1343 1279 ob
1372 1215 1544 1279 hanc
1572 1238 1787 1280 rerum
1814 1227 2143 1300 gestarum
2171 1218 2663 1282 multitudinem

532 1318 747 1382 triduo
778 1317 1229 1402 triumphauit.
1277 1317 1480 1402 legati
1519 1317 2159 1400 Carthaginiensium
2193 1319 2665 1384 nuntiauerunt

533 1423 978 1502 Hannibalem
991 1470 1012 1498 ,
1061 1420 1174 1504 qui
1218 1419 1302 1482 ad
1341 1419 1745 1497 Antiochum
1774 1419 2185 1502 confugerat,
2230 1421 2477 1484 bellum
2514 1445 2667 1486 cum
2700 1435 2767 1484 10

532 1547 608 1590 eo
649 1524 886 1590 moliri.
963 1531 1396 1604 temptauerat
1451 1530 1676 1586 autem
1719 1522 2059 1588 Hannibal
2124 1544 2242 1605 per
2294 1522 2663 1587 Aristonem

534 1626 807 1710 Tyrium
862 1625 1002 1690 sine
1052 1623 1288 1688 litteris
1346 1622 1810 1706 Carthaginem
1848 1623 2122 1688 missum
2166 1625 2248 1686 ad
2288 1625 2663 1688 bellandum

534 1729 786 1792 Poenos
818 1725 1159 1791 concitare.
2381 1721 2388 1725 ”

1242 1952 1370 2014 EX
1417 1953 1595 2014 LIB.
1644 1953 1947 2016 XXXV.

536 2128 613 2189 P.
653 2123 870 2207 Scipio
899 2121 1242 2186 Africanus
1285 2120 1539 2205 legatus
1582 2123 1663 2184 ad
1707 2121 2106 2184 Antiochum
2148 2121 2383 2186 missus
2422 2122 2666 2206 Ephesi
2702 2136 2765 2185 15

535 2246 687 2289 cum
707 2245 714 2250 ·
733 2225 1110 2288 Hannibale
1124 2272 1144 2300 ,
1191 2222 1303 2307 qui
1343 2244 1410 2286 se
1454 2222 1779 2286 Antiocho
1822 2223 2239 2299 adiunxerat,
2288 2223 2665 2288 conlocutus

534 2338 632 2392 est
662 2338 736 2390 ut
756 2375 776 2403 ,
817 2326 878 2390 si
905 2325 1047 2390 fieri
1086 2335 1338 2409 posset,
1384 2334 1633 2387 metum
1676 2325 1737 2387 ei
1767 2346 1959 2408 quem
1988 2345 2069 2386 ex
2096 2324 2336 2408 populo
2366 2327 2665 2390 Romano

535 2440 912 2513 conceperat
942 2429 1269 2492 eximeret.
1318 2427 1492 2491 inter
1519 2426 1649 2490 alia
1677 2448 1828 2489 cum
1858 2435 2212 2509 quaereret,
2246 2448 2438 2509 quem
2467 2428 2664 2493 fuisse

531 2530 892 2593 maximum
919 2531 1370 2615 imperatorem
1400 2529 1743 2592 Hannibal
1785 2529 2065 2591 crederet
2080 2576 2101 2604 ,
2142 2528 2472 2611 respondit
2513 2530 2665 2592 Ale-

533 2632 854 2695 xandrum
899 2633 1332 2695 Macedonum
1374 2652 1627 2713 regem,
1673 2630 1845 2711 quod
1884 2650 2087 2711 parua
2127 2650 2329 2692 manu
2368 2629 2667 2695 innume·
2698 2643 2768 2694 20

531 2731 766 2795 rabiles
809 2733 1126 2797 exercitus
1169 2733 1443 2796 fudisset
1491 2731 1791 2814 quodque
1831 2729 2095 2794 ultimas
2139 2753 2280 2794 oras
2295 2779 2317 2808 ,
2374 2754 2533 2816 quas
2562 2732 2662 2796 ui-

533 2854 668 2896 sere
711 2855 904 2916 supra
948 2855 1128 2916 spem
1170 2834 1526 2896 humanam
1572 2841 1737 2894 esset
1754 2878 1774 2906 ,
1832 2842 2252 2915 peragrasset.
2334 2833 2667 2916 quaerenti

535 2933 767 2997 deinde
782 2982 804 3011 ,
869 2956 1064 3018 quem
1093 2936 1449 2999 secundum
1478 2944 1747 3019 poneret
1766 2982 1785 3011 ‚
1850 2934 2175 3017 Pyrrhum
2215 2933 2430 3018 inquit
2459 2945 2667 2997 castra

530 3035 760 3099 metari
803 3036 1087 3121 primum
1117 3036 1409 3103 docuisse
1423 3086 1444 3115 ,
1495 3040 1579 3101 ad
1607 3037 1731 3101 hoc
1761 3035 2087 3100 neminem
2118 3034 2478 3119 elegantius
2524 3038 2666 3099 loca

531 3136 810 3220 cepisse,
854 3138 1172 3223 praesidia
1214 3138 1630 3222 disposuisse.
1695 3137 2109 3221 exsequenti,
2159 3159 2353 3222 quem
2401 3139 2669 3203 tertium
2698 3152 2767 3203 25

530 3238 802 3317 diceret,
848 3252 1050 3305 semet
1092 3240 1308 3324 ipsum
1351 3240 1541 3304 dixit.
1604 3240 1821 3305 ridens
1852 3238 2069 3323 Scipio
2094 3233 2435 3323 ‘quidnam
2466 3250 2541 3303 tu
2570 3241 2666 3303 di-

531 3362 744 3417 ceres,
791 3341 845 3405 si
884 3336 1007 3404 me'
1052 3342 1268 3423 inquit
1304 3334 1671 3406 ‘uicisses‘l'
1725 3336 1913 3404 ‘tunc
1956 3362 2111 3404 uero
2153 3334 2275 3404 me³
2317 3341 2533 3425 inquit
2570 3335 2665 3405 ‘et

531 3452 681 3504 ante
712 3442 1157 3509 Alexandrum
1187 3453 1253 3505 et
1282 3452 1432 3505 ante
1457 3444 1784 3526 Pyrrhum
1806 3452 1871 3506 et
1896 3452 2045 3506 ante
2076 3442 2236 3507 alios
2257 3442 2657 3526 posuissem'.

529 3712 559 3765 2
585 3706 644 3761 id
677 3713 738 3763 ut
761 3707 986 3778 sompni.-
1011 3708 1070 3763 id
1093 3727 1177 3762 om
1200 3719 1312 3774 Νς,
1352 3716 1416 3763 ut
1439 3708 1498 3762 id
1521 3727 1553 3761 r
1578 3710 1596 3781 11
1624 3714 1653 3762 3
1682 3710 1743 3762 C.
1774 3708 2061 3779 Siqom’us:
2109 3708 2147 3761 1.
2174 3710 2391 3780 Nam-118
2415 3710 2520 3765 hoo
2544 3710 2669 3780 ΝρΙΙ

531 3786 795 3847 fictarum
822 3804 888 3849 ςν
913 3787 932 3857 ΙΙ
964 3790 1018 3839 11
1054 3786 1336 3841 Hannibal
1357 3805 1441 3839 om
1465 3805 1496 3839 r
1523 3787 1541 3857 ΙΙ
1573 3790 1633 3840 12
1660 3788 2034 3841 rebellandum
2058 3804 2090 3839 r
2116 3786 2135 3857 ss
2166 3789 2230 3840 14
2254 3800 2334 3841 Ex
2357 3800 2477 3843 LIB.
2506 3801 2670 3843 xxxv

517 3868 646 3933 post
669 3863 970 3935 posuissem
983 3883 1047 3937 p.
1069 3866 1227 3928 38,28
1247 3876 1362 3927 Νςν
1387 3864 1405 3935 ΙΙ
1437 3869 1498 3919 15
1536 3866 1733 3919 missus
1766 3866 1837 3919 ad
1859 3864 2196 3919 Antiochum
2222 3882 2253 3917 r
2278 3866 2296 3935 ss
2328 3868 2391 3919 16
2415 3865 2671 3919 iunxerat

531 3959 596 4005 ςν
623 3941 641 4013 ss
673 3944 733 3995 17
761 3950 968 3995 metum
992 3942 1140 3997 uitae
1165 3959 1373 4011 quamr
1399 3944 1417 4015 ΙΙ
1447 3947 1510 3997 18
1547 3949 1830 4014 quaereret
1867 3942 1936 3995 ab
1960 3943 2252 3997 hannibale
2300 3962 2366 4008 ςν
2391 3944 2409 4015 fl
2439 3947 2502 3997 19
2538 3942 2672 3997 han-

527 4016 679 4071 nibal
703 4036 788 4071 om
818 4036 884 4081 ςν
910 4018 927 4089 ΙΙ
956 4022 1021 4073 22
1048 4036 1212 4088 supra
1235 4018 1395 4073 fidem
1423 4038 1489 4085 ςν
1514 4021 1534 4091 ΙΙ
1559 4025 1625 4075 23
1650 4019 1833 4091 inquit
1854 4019 2127 4089 Pyrrhum
2162 4038 2194 4072 r
2218 4021 2237 4091 ss
2264 4039 2329 4074 eo
2368 4020 2518 4093 quod
2554 4036 2668 4073 cas-

529 4102 612 4149 tra
639 4113 704 4159 ςν
729 4096 749 4167 ss
774 4100 840 4149 24
867 4097 1143 4151 docuisset
1169 4113 1235 4159 ςν
1261 4096 1278 4169 ΙΙ
1303 4098 1374 4152 ad
1397 4100 1531 4153 haec
1572 4117 1638 4162 ςν
1664 4098 1681 4169 ΙΙ
1709 4102 1775 4153 26
1800 4097 2026 4153 duceret
2048 4098 2308 4155 Duker-us
2334 4100 2353 4170 ΙΙ
2379 4099 2558 4169 ipsum
2583 4115 2669 4153 om

529 4188 560 4223 r
585 4171 602 4240 ΙΙ
631 4174 693 4224 27
722 4172 902 4242 inquit
925 4190 1011 4227 me
1038 4191 1103 4236 ςν
1129 4173 1146 4242 ΙΙ
