3052 4823
1251 337 1644 380 PRAEFA‘mo.
2340 324 2520 379 XVII

375 532 548 585 certo
578 520 864 583 inueniri
890 520 1024 582 iam
1054 542 1187 583 non
1217 531 1451 604 potest.
1503 531 1572 584 at
1600 543 1665 604 p.
1709 526 1866 596 113,
1908 528 1979 581 17
2025 529 2171 602 post
2210 521 2282 582 0.
2328 519 2518 582 (Hau-

377 628 484 692 dio
545 627 882 690 librarium
940 626 1162 704 statim
1221 627 1304 690 ad
1352 625 1787 709 ‘sequentium
1846 625 2186 689 consulum
2246 626 2520 687 alterum

377 732 633 797 omissis
665 755 828 816 quae
858 732 1197 795 interiecta
1226 741 1410 795 erant
1439 731 1845 795 transiluisse
1875 741 2077 814 patet.
2113 752 2320 813 neque
2343 752 2518 812 pror-

379 862 488 902 sus
517 839 877 902 immunem
907 860 946 900 a
969 836 1314 900 sciolorum
1336 837 1796 908 additamentis
1822 837 1998 900 hunc
2019 836 2317 899 libellum
2338 858 2518 898 man-

379 946 536 1009 sisse
568 947 1011 1008 demonstrant
1055 943 1353 1025 exempla
1367 991 1386 1019 ,
1433 964 1598 1026 quae
1638 943 1802 1005 mihi
1844 943 2105 1027 quidem
2150 941 2307 1006 satis
2348 950 2521 1004 certa

260 1029 269 1036 ,
377 1071 516 1114 esse
546 1050 875 1126 uidentur,
911 1071 976 1132 p.
1021 1056 1164 1126 113,
1206 1055 1264 1110 8.
1310 1055 1596 1125 120,17.
1641 1055 1785 1125 137,
1825 1055 1883 1110 6.
1932 1049 2399 1132 etiamp.117,
2441 1054 2513 1108 19

376 1177 543 1239 quae
572 1178 654 1218 ex
684 1159 1102 1219 antecedente
1133 1155 1342 1238 capite
1387 1155 1661 1239 repetita
1689 1155 1998 1238 leguntur
2026 1154 2271 1217 librarii
2300 1155 2517 1237 negle-

377 1261 636 1344 gentiae
667 1262 948 1324 tribuere
977 1261 1204 1325 malim
1236 1283 1430 1344 quam
1459 1283 1607 1324 cum
1638 1261 1976 1325 Perizonio
2009 1260 2249 1339 (anim.
2284 1259 2439 1322 hist.
2480 1265 2515 1321 8

375 1390 441 1451 p.
483 1370 634 1449 324)
667 1379 948 1431 statuere
970 1417 990 1444 ,
1026 1368 1508 1450 Obsequentem
1540 1367 1930 1450 ubicumque
1960 1368 2185 1430 eadem
2225 1365 2519 1449 prodigia

374 1495 581 1557 paruo
623 1473 928 1556 temporis
974 1472 1181 1555 spatio
1224 1472 1559 1561 interiecto
1604 1473 1924 1536 iterantur
1962 1473 2377 1556 neglegenter
2416 1471 2516 1534 bis

379 1601 705 1655 narrasse,
742 1600 908 1660 quae
939 1579 1138 1641 semel
1169 1565 1553 1640 acciderant.

552 1683 762 1747 Iulius
794 1685 1176 1766 Obsequens
1219 1683 1364 1767 quis
1407 1683 1604 1747 fuerit
1647 1696 1712 1746 et
1758 1685 2017 1766 quando
2059 1683 2296 1746 uixerit
2334 1684 2517 1746 nullo

377 1788 747 1854 testimonio
777 1800 1034 1852 constat
1062 1811 1271 1872 neque
1301 1789 1436 1852 ullo
1479 1789 1798 1873 probabili
1844 1800 2223 1872 argumento
2244 1838 2265 1866 ,
2314 1811 2516 1872 quan·

377 1909 526 1960 tum
575 1894 874 1978 equidem
924 1895 1114 1958 uideo
1132 1944 1152 1972 ,
1211 1895 1522 1978 suspicari
1564 1896 1737 1960 licet.
1812 1895 2251 1981 prodigiorum
2297 1896 2517 1960 libello

375 1993 893 2064 nihilcontineri
922 2002 1094 2082 quod
1123 2023 1256 2064 non
1287 2024 1368 2064 ex
1398 2001 1575 2064 Liuii
1605 2001 1784 2065 libris
1816 2013 2192 2086 excerptum
2234 2002 2319 2066 sit
2336 2051 2357 2079 ,
2403 2002 2517 2064 diu

376 2109 549 2170 inter
589 2106 762 2169 uiros
796 2108 1022 2170 doctos
1067 2117 1319 2170 constat
1363 2117 1429 2170 et
1471 2129 1678 2190 nuper
1717 2106 1991 2170 conlatis
2036 2107 2261 2172 Cassio
2304 2107 2516 2172 Dione

379 2223 574 2296 atque
605 2211 867 2289 Orosi0,
905 2212 1018 2295 qui
1047 2222 1111 2287 et
1139 2211 1266 2295 ipsi
1295 2212 1487 2276 Liuio
1516 2213 1622 2276 usi
1652 2224 1842 2290 sunt,
1889 2213 2250 2276 accuratius
2282 2235 2323 2276 a
2351 2213 2514 2278 Wil-

379 2318 649 2382 mansio.
676 2320 756 2381 de
801 2318 1032 2382 Dionis
1077 2317 1290 2382 Cassii
1329 2318 1615 2382 fontibus
1660 2341 1724 2401 p.
1783 2326 1857 2379 14
1904 2341 2043 2402 sqq.
2081 2329 2147 2381 et
2176 2321 2516 2382 Moernero

381 2427 459 2489 de
491 2424 703 2490 Orosii
733 2424 873 2486 uita
901 2446 967 2506 p.
1004 2430 1118 2485 139
1148 2446 1242 2506 sq.
1279 2426 1789 2489 demonstratum
1811 2437 1930 2487 est.
1983 2447 2179 2508 quare
2202 2426 2517 2487 lectorum

379 2532 713 2595 commodo
743 2528 1052 2593 inseruire
1080 2552 1184 2593 me
1215 2529 1468 2613 putaui,
1506 2530 1562 2593 si
1586 2539 1902 2613 quantum
1923 2531 2063 2593 fieri
2092 2530 2279 2592 licuit
2308 2530 2514 2615 ipsius

381 2638 595 2714 Liuii,
645 2637 749 2701 sin
790 2636 1006 2700 minus
1049 2658 1271 2700 eorum
1313 2635 1697 2719 scriptorum
1730 2638 1973 2714 uerba,
2022 2636 2136 2721 qui
2177 2636 2368 2700 Liuio
2412 2637 2514 2700 usi

380 2752 564 2833 sunt,
581 2742 826 2809 Valerii
842 2743 1118 2807 Maximi
1150 2742 1352 2805 Plinii
1376 2742 1589 2807 Orosii
1612 2744 1967 2827 Augustini
2000 2743 2335 2809 Plutarchi
2358 2744 2514 2808 Cas-

379 2852 460 2916 sii
490 2851 722 2915 Dionis
752 2872 901 2914 cum
931 2849 1360 2932 Obsequentis
1392 2850 1707 2933 excerptis
1738 2872 2186 2935 conponerem.

552 2959 855 3021 Ceterum
884 2978 966 3019 ne
1013 2956 1168 3039 quid
1209 2956 1618 3039 neglegerem
1661 2958 1835 3039 quod
1877 2959 1960 3021 ad
2003 2958 2176 3021 hunc
2217 2956 2517 3020 libellum

379 3076 551 3127 recte
580 3063 1054 3127 aestimandum
1081 3062 1350 3139 faceret,
1397 3060 1809 3124 Theodorum
1840 3062 2513 3146 Mommsenium-pre-

302 3184 312 3193 ‘
380 3170 563 3234 cibus
593 3169 763 3245 adii,
828 3178 902 3231 ut
944 3168 998 3231 si
1039 3166 1196 3250 quid
1225 3169 1304 3228 de
1350 3187 1426 3229 eo
1469 3168 1849 3230 adnotatum
1894 3168 2192 3248 haberet,
2255 3191 2515 3233 mecum

381 3276 906 3339 communicaret.
959 3272 1187 3357 optimi
1217 3294 1366 3356 ergo
1397 3272 1587 3335 amici
1616 3272 1997 3355 epistulam,
2032 3294 2162 3356 qua
2190 3276 2269 3337 de
2298 3276 2509 3358 prodi-

378 3382 636 3466 giorum
665 3384 746 3445 ab
775 3382 1190 3464 Obsequente
1218 3379 1569 3443 relatorum
1617 3379 1864 3443 ratione
1895 3382 1977 3444 ad
2006 3402 2109 3443 me
2156 3382 2504 3466 rescripsit,

379 3487 762 3569 praefationi
793 3487 1311 3571 subiungendam
1341 3487 1594 3569 putaui.

553 3594 810 3658 Dabam
837 3594 1096 3677 Lipsiae
1125 3604 1402 3657 exeunte
1434 3594 1613 3659 Maio
1643 3591 1799 3672 anni
1828 3614 2190 3658 MDcchIII.

522 4260 731 4301 LIVIVS·
2116 4245 2177 4297 II
