<?xml version="1.0" encoding="UTF-8"?>
<!DOCTYPE html PUBLIC "-//W3C//DTD XHTML 1.0 Transitional//EN"
    "http://www.w3.org/TR/xhtml1/DTD/xhtml1-transitional.dtd">
<html xmlns="http://www.w3.org/1999/xhtml" xml:lang="en" lang="en">
 <head>
  <title>
</title>
<meta http-equiv="Content-Type" content="text/html;charset=utf-8" />
  <meta name='ocr-system' content='tesseract 3.04.00' />
  <meta name='ocr-capabilities' content='ocr_page ocr_carea ocr_par ocr_line ocrx_word'/>
</head>
<body>
  <div class='ocr_page' id='page_1' title='image "./tliviaburbecond00jahngoog_0056.png"; bbox 0 0 3052 4823; ppageno 0'>
   <div class='ocr_carea' id='block_1_1' title="bbox 1119 322 2510 396">
    <p class='ocr_par' dir='ltr' id='par_1_1' title="bbox 1119 322 2510 396">
     <span class='ocr_line' id='line_1_1' title="bbox 1119 322 2510 396; baseline -0.004 -2"><span class='ocrx_word' id='word_1_1' title='bbox 1119 353 1181 394; x_wconf 84' lang='lat' dir='ltr'><strong>T.</strong></span> <span class='ocrx_word' id='word_1_2' title='bbox 1219 352 1362 396; x_wconf 78' lang='lat' dir='ltr'><strong>mvl</strong></span> <span class='ocrx_word' id='word_1_3' title='bbox 1393 350 1755 395; x_wconf 78' lang='lat' dir='ltr'><strong>xx-xx11.</strong></span> <span class='ocrx_word' id='word_1_4' title='bbox 1861 339 1866 344; x_wconf 85' lang='lat'>&#39;</span> <span class='ocrx_word' id='word_1_5' title='bbox 2428 322 2510 389; x_wconf 82' lang='lat'><strong>25</strong></span> 
     </span>
    </p>
   </div>
   <div class='ocr_carea' id='block_1_2' title="bbox 1107 534 1754 600">
    <p class='ocr_par' dir='ltr' id='par_1_2' title="bbox 1107 534 1754 600">
     <span class='ocr_line' id='line_1_2' title="bbox 1107 534 1754 600; baseline -0.005 0"><span class='ocrx_word' id='word_1_6' title='bbox 1107 537 1235 600; x_wconf 91' lang='lat' dir='ltr'><strong>EX</strong></span> <span class='ocrx_word' id='word_1_7' title='bbox 1282 536 1457 598; x_wconf 90' lang='lat' dir='ltr'><strong>LIB.</strong></span> <span class='ocrx_word' id='word_1_8' title='bbox 1513 534 1754 598; x_wconf 90' lang='lat' dir='ltr'><strong>XXII.</strong></span> 
     </span>
    </p>
   </div>
   <div class='ocr_carea' id='block_1_3' title="bbox 291 691 2591 1583">
    <p class='ocr_par' dir='ltr' id='par_1_3' title="bbox 380 691 2591 992">
     <span class='ocr_line' id='line_1_3' title="bbox 381 691 2571 789; baseline -0.001 -21"><span class='ocrx_word' id='word_1_9' title='bbox 381 704 721 769; x_wconf 84' lang='lat' dir='ltr'>Hannibal</span> <span class='ocrx_word' id='word_1_10' title='bbox 748 727 862 789; x_wconf 91' lang='lat' dir='ltr'><strong>per</strong></span> <span class='ocrx_word' id='word_1_11' title='bbox 893 703 1231 770; x_wconf 86' lang='lat' dir='ltr'><strong>continuas</strong></span> <span class='ocrx_word' id='word_1_12' title='bbox 1262 704 1518 789; x_wconf 84' lang='lat' dir='ltr'><strong>uigilias</strong></span> <span class='ocrx_word' id='word_1_13' title='bbox 1556 704 1631 768; x_wconf 90' lang='lat' dir='ltr'><strong>in</strong></span> <span class='ocrx_word' id='word_1_14' title='bbox 1661 703 2006 788; x_wconf 84' lang='lat' dir='ltr'><strong>paludibus</strong></span> <span class='ocrx_word' id='word_1_15' title='bbox 2048 703 2234 767; x_wconf 92' lang='lat' dir='ltr'><strong>oculo</strong></span> <span class='ocrx_word' id='word_1_16' title='bbox 2280 702 2511 766; x_wconf 89' lang='lat' dir='ltr'><strong>amisso</strong></span> <span class='ocrx_word' id='word_1_17' title='bbox 2568 691 2571 694; x_wconf 31' lang='lat'><strong>⁴</strong></span> 
     </span>
     <span class='ocr_line' id='line_1_4' title="bbox 380 804 2511 890; baseline -0.001 -20"><span class='ocrx_word' id='word_1_18' title='bbox 380 807 452 870; x_wconf 92' lang='lat' dir='ltr'><strong>in</strong></span> <span class='ocrx_word' id='word_1_19' title='bbox 493 806 821 871; x_wconf 81' lang='lat' dir='ltr'><strong>Etruriam</strong></span> <span class='ocrx_word' id='word_1_20' title='bbox 863 807 1081 884; x_wconf 91' lang='lat' dir='ltr'><strong>uenit,</strong></span> <span class='ocrx_word' id='word_1_21' title='bbox 1130 829 1243 889; x_wconf 90' lang='lat' dir='ltr'><strong>per</strong></span> <span class='ocrx_word' id='word_1_22' title='bbox 1287 830 1446 890; x_wconf 89' lang='lat' dir='ltr'><strong>quas</strong></span> <span class='ocrx_word' id='word_1_23' title='bbox 1487 807 1755 890; x_wconf 89' lang='lat' dir='ltr'><strong>paludes</strong></span> <span class='ocrx_word' id='word_1_24' title='bbox 1802 804 2157 888; x_wconf 85' lang='lat' dir='ltr'>quadriduo</span> <span class='ocrx_word' id='word_1_25' title='bbox 2200 815 2263 868; x_wconf 94' lang='lat' dir='ltr'><strong>et</strong></span> <span class='ocrx_word' id='word_1_26' title='bbox 2307 804 2511 868; x_wconf 88' lang='lat' dir='ltr'><strong>tribus</strong></span> 
     </span>
     <span class='ocr_line' id='line_1_5' title="bbox 381 897 2591 992; baseline -0.001 -20"><span class='ocrx_word' id='word_1_27' title='bbox 381 909 680 972; x_wconf 89' lang='lat' dir='ltr'><strong>noctibus</strong></span> <span class='ocrx_word' id='word_1_28' title='bbox 710 908 848 972; x_wconf 89' lang='lat' dir='ltr'><strong>sine</strong></span> <span class='ocrx_word' id='word_1_29' title='bbox 879 909 1016 972; x_wconf 88' lang='lat' dir='ltr'><strong>ulla</strong></span> <span class='ocrx_word' id='word_1_30' title='bbox 1041 909 1259 992; x_wconf 87' lang='lat' dir='ltr'><strong>requie</strong></span> <span class='ocrx_word' id='word_1_31' title='bbox 1289 909 1411 972; x_wconf 90' lang='lat' dir='ltr'><strong>iter</strong></span> <span class='ocrx_word' id='word_1_32' title='bbox 1437 908 1613 972; x_wconf 85' lang='lat' dir='ltr'><strong>fecit.</strong></span> <span class='ocrx_word' id='word_1_33' title='bbox 1675 910 1753 973; x_wconf 90' lang='lat' dir='ltr'><strong>C.</strong></span> <span class='ocrx_word' id='word_1_34' title='bbox 1803 907 2162 971; x_wconf 83' lang='lat' dir='ltr'><strong>Flaminius</strong></span> <span class='ocrx_word' id='word_1_35' title='bbox 2192 927 2351 982; x_wconf 75' lang='lat' dir='ltr'><strong>cos„</strong></span> <span class='ocrx_word' id='word_1_36' title='bbox 2397 906 2511 969; x_wconf 92' lang='lat' dir='ltr'><strong>ho-</strong></span> <span class='ocrx_word' id='word_1_37' title='bbox 2589 897 2591 900; x_wconf 46' lang='grc'>’</span> 
     </span>
    </p>

    <p class='ocr_par' dir='ltr' id='par_1_4' title="bbox 291 1007 2513 1583">
     <span class='ocr_line' id='line_1_6' title="bbox 321 1007 2511 1092; baseline -0.003 -18"><span class='ocrx_word' id='word_1_38' title='bbox 321 1024 352 1074; x_wconf 83' lang='grc'><strong>5</strong></span> <span class='ocrx_word' id='word_1_39' title='bbox 381 1033 486 1074; x_wconf 90' lang='lat' dir='ltr'><strong>mo</strong></span> <span class='ocrx_word' id='word_1_40' title='bbox 519 1010 889 1074; x_wconf 89' lang='lat' dir='ltr'><strong>temerarius</strong></span> <span class='ocrx_word' id='word_1_41' title='bbox 907 1058 927 1086; x_wconf 91' lang='lat'><strong><em>,</em></strong></span> <span class='ocrx_word' id='word_1_42' title='bbox 979 1021 1200 1074; x_wconf 87' lang='lat' dir='ltr'><strong>contra</strong></span> <span class='ocrx_word' id='word_1_43' title='bbox 1229 1009 1515 1092; x_wconf 90' lang='lat' dir='ltr'><strong>auspicia</strong></span> <span class='ocrx_word' id='word_1_44' title='bbox 1542 1010 1865 1092; x_wconf 86' lang='lat' dir='ltr'><strong>profectus</strong></span> <span class='ocrx_word' id='word_1_45' title='bbox 1896 1009 2187 1092; x_wconf 82' lang='lat' dir='ltr'>signibus</span> <span class='ocrx_word' id='word_1_46' title='bbox 2217 1007 2511 1071; x_wconf 86' lang='lat' dir='ltr'><strong>militari-</strong></span> 
     </span>
     <span class='ocr_line' id='line_1_7' title="bbox 339 1111 2511 1194; baseline -0.002 -19"><span class='ocrx_word' id='word_1_47' title='bbox 339 1117 345 1124; x_wconf 86' lang='lat'>&#39;</span> <span class='ocrx_word' id='word_1_48' title='bbox 384 1114 506 1175; x_wconf 92' lang='lat' dir='ltr'><strong>bus</strong></span> <span class='ocrx_word' id='word_1_49' title='bbox 538 1111 778 1176; x_wconf 88' lang='lat' dir='ltr'><strong>effossis</strong></span> <span class='ocrx_word' id='word_1_50' title='bbox 809 1134 974 1194; x_wconf 88' lang='lat' dir='ltr'><strong>quae</strong></span> <span class='ocrx_word' id='word_1_51' title='bbox 1002 1111 1146 1176; x_wconf 87' lang='lat' dir='ltr'><strong>tolli</strong></span> <span class='ocrx_word' id='word_1_52' title='bbox 1183 1134 1315 1175; x_wconf 91' lang='lat' dir='ltr'><strong>non</strong></span> <span class='ocrx_word' id='word_1_53' title='bbox 1345 1121 1678 1194; x_wconf 83' lang='lat' dir='ltr'><strong>poterant,</strong></span> <span class='ocrx_word' id='word_1_54' title='bbox 1728 1120 1793 1174; x_wconf 92' lang='lat' dir='ltr'><strong>et</strong></span> <span class='ocrx_word' id='word_1_55' title='bbox 1834 1113 1913 1174; x_wconf 92' lang='lat' dir='ltr'><strong>ab</strong></span> <span class='ocrx_word' id='word_1_56' title='bbox 1946 1133 2109 1194; x_wconf 93' lang='lat' dir='ltr'><strong>equo</strong></span> <span class='ocrx_word' id='word_1_57' title='bbox 2140 1131 2332 1193; x_wconf 89' lang='lat' dir='ltr'><strong>quem</strong></span> <span class='ocrx_word' id='word_1_58' title='bbox 2362 1117 2511 1172; x_wconf 88' lang='lat' dir='ltr'><strong>con-</strong></span> 
     </span>
     <span class='ocr_line' id='line_1_8' title="bbox 385 1211 2512 1298; baseline -0.002 -20"><span class='ocrx_word' id='word_1_59' title='bbox 385 1215 716 1278; x_wconf 88' lang='lat' dir='ltr'><strong>scenderat</strong></span> <span class='ocrx_word' id='word_1_60' title='bbox 745 1236 858 1298; x_wconf 89' lang='lat' dir='ltr'><strong>per</strong></span> <span class='ocrx_word' id='word_1_61' title='bbox 887 1224 1082 1296; x_wconf 90' lang='lat' dir='ltr'><strong>caput</strong></span> <span class='ocrx_word' id='word_1_62' title='bbox 1112 1214 1458 1278; x_wconf 82' lang='lat' dir='ltr'><strong>deuolutus</strong></span> <span class='ocrx_word' id='word_1_63' title='bbox 1474 1262 1494 1290; x_wconf 91' lang='lat'><strong><em>,</em></strong></span> <span class='ocrx_word' id='word_1_64' title='bbox 1558 1213 1811 1277; x_wconf 83' lang='lat' dir='ltr'>insidiis</span> <span class='ocrx_word' id='word_1_65' title='bbox 1854 1213 1935 1275; x_wconf 90' lang='lat' dir='ltr'><strong>ab</strong></span> <span class='ocrx_word' id='word_1_66' title='bbox 1977 1212 2353 1276; x_wconf 82' lang='lat' dir='ltr'>Hannibale</span> <span class='ocrx_word' id='word_1_67' title='bbox 2394 1211 2512 1275; x_wconf 89' lang='lat' dir='ltr'><strong>cir-</strong></span> 
     </span>
     <span class='ocr_line' id='line_1_9' title="bbox 383 1313 2511 1401; baseline -0.001 -23"><span class='ocrx_word' id='word_1_68' title='bbox 383 1325 770 1378; x_wconf 88' lang='lat' dir='ltr'><strong>cumuentus</strong></span> <span class='ocrx_word' id='word_1_69' title='bbox 823 1317 910 1378; x_wconf 87' lang='lat' dir='ltr'><strong>ad&#39;</strong></span> <span class='ocrx_word' id='word_1_70' title='bbox 949 1316 1462 1401; x_wconf 88' lang='lat' dir='ltr'><strong>Thrasyme‘num</strong></span> <span class='ocrx_word' id='word_1_71' title='bbox 1503 1315 1720 1378; x_wconf 91' lang='lat' dir='ltr'><strong>lacum</strong></span> <span class='ocrx_word' id='word_1_72' title='bbox 1770 1337 1921 1376; x_wconf 91' lang='lat' dir='ltr'><strong>cum</strong></span> <span class='ocrx_word' id='word_1_73' title='bbox 1964 1313 2251 1377; x_wconf 85' lang='lat' dir='ltr'><strong>exercitu</strong></span> <span class='ocrx_word' id='word_1_74' title='bbox 2290 1335 2511 1378; x_wconf 89' lang='lat' dir='ltr'><strong>caesus</strong></span> 
     </span>
     <span class='ocr_line' id='line_1_10' title="bbox 384 1415 2513 1500; baseline -0.001 -20"><span class='ocrx_word' id='word_1_75' title='bbox 384 1427 503 1481; x_wconf 90' lang='lat' dir='ltr'><strong>est.</strong></span> <span class='ocrx_word' id='word_1_76' title='bbox 555 1439 670 1480; x_wconf 83' lang='lat' dir='ltr'><strong>sex</strong></span> <span class='ocrx_word' id='word_1_77' title='bbox 697 1417 904 1494; x_wconf 88' lang='lat' dir='ltr'><strong>milia,</strong></span> <span class='ocrx_word' id='word_1_78' title='bbox 939 1440 1100 1500; x_wconf 87' lang='lat' dir='ltr'><strong>quae</strong></span> <span class='ocrx_word' id='word_1_79' title='bbox 1131 1427 1472 1500; x_wconf 84' lang='lat' dir='ltr'><strong>eruperant</strong></span> <span class='ocrx_word' id='word_1_80' title='bbox 1499 1419 1629 1480; x_wconf 90' lang='lat' dir='ltr'><strong>fide</strong></span> <span class='ocrx_word' id='word_1_81' title='bbox 1658 1416 1738 1479; x_wconf 88' lang='lat' dir='ltr'><strong>ab</strong></span> <span class='ocrx_word' id='word_1_82' title='bbox 1761 1415 2109 1478; x_wconf 85' lang='lat' dir='ltr'><strong>Atherbale</strong></span> <span class='ocrx_word' id='word_1_83' title='bbox 2152 1418 2338 1492; x_wconf 87' lang='lat' dir='ltr'><strong>data,</strong></span> <span class='ocrx_word' id='word_1_84' title='bbox 2372 1437 2513 1498; x_wconf 88' lang='lat' dir='ltr'><strong>per-</strong></span> 
     </span>
     <span class='ocr_line' id='line_1_11' title="bbox 291 1517 2512 1583; baseline -0.001 -3"><span class='ocrx_word' id='word_1_85' title='bbox 291 1532 354 1580; x_wconf 89' lang='lat'><strong>10</strong></span> <span class='ocrx_word' id='word_1_86' title='bbox 381 1519 538 1583; x_wconf 89' lang='lat' dir='ltr'><strong>fidia</strong></span> <span class='ocrx_word' id='word_1_87' title='bbox 567 1518 963 1582; x_wconf 86' lang='lat' dir='ltr'><strong>Hannibalis</strong></span> <span class='ocrx_word' id='word_1_88' title='bbox 993 1519 1217 1582; x_wconf 86' lang='lat' dir='ltr'><strong>uincta</strong></span> <span class='ocrx_word' id='word_1_89' title='bbox 1259 1529 1432 1582; x_wconf 89' lang='lat' dir='ltr'><strong>sunt.</strong></span> <span class='ocrx_word' id='word_1_90' title='bbox 1497 1539 1649 1580; x_wconf 91' lang='lat' dir='ltr'><strong>cum</strong></span> <span class='ocrx_word' id='word_1_91' title='bbox 1690 1519 1772 1580; x_wconf 90' lang='lat' dir='ltr'><strong>ad</strong></span> <span class='ocrx_word' id='word_1_92' title='bbox 1801 1517 2106 1580; x_wconf 88' lang='lat' dir='ltr'><strong>nuntium</strong></span> <span class='ocrx_word' id='word_1_93' title='bbox 2136 1517 2335 1580; x_wconf 90' lang='lat' dir='ltr'><strong>cladis</strong></span> <span class='ocrx_word' id='word_1_94' title='bbox 2381 1518 2512 1580; x_wconf 87' lang='lat' dir='ltr'><strong>Ro·-</strong></span> 
     </span>
    </p>
   </div>
   <div class='ocr_carea' id='block_1_4' title="bbox 3007 0 3019 560">
    <p class='ocr_par' dir='ltr' id='par_1_5' title="bbox 3007 0 3019 560">
     <span class='ocr_line' id='line_1_12' title="bbox 3007 0 3019 560; baseline 0 0"><span class='ocrx_word' id='word_1_95' title='bbox 3007 0 3019 560; x_wconf 95' lang='lat' dir='ltr'><strong> </strong></span> 
     </span>
    </p>
   </div>
   <div class='ocr_carea' id='block_1_5' title="bbox 3049 0 3052 640">
    <p class='ocr_par' dir='ltr' id='par_1_6' title="bbox 3049 0 3052 640">
     <span class='ocr_line' id='line_1_13' title="bbox 3049 0 3052 640; baseline 0 0"><span class='ocrx_word' id='word_1_96' title='bbox 3049 0 3052 640; x_wconf 95' lang='lat' dir='ltr'><strong> </strong></span> 
     </span>
    </p>
   </div>
   <div class='ocr_carea' id='block_1_6' title="bbox 385 1616 2623 1702">
    <p class='ocr_par' dir='ltr' id='par_1_7' title="bbox 385 1616 2623 1702">
     <span class='ocr_line' id='line_1_14' title="bbox 385 1616 2623 1702; baseline -0.002 -18"><span class='ocrx_word' id='word_1_97' title='bbox 385 1643 530 1684; x_wconf 89' lang='lat' dir='ltr'><strong>mae</strong></span> <span class='ocrx_word' id='word_1_98' title='bbox 558 1621 784 1684; x_wconf 79' lang='lat' dir='ltr'><strong>luctus·</strong></span> <span class='ocrx_word' id='word_1_99' title='bbox 808 1631 1010 1697; x_wconf 88' lang='lat' dir='ltr'><strong>esset,</strong></span> <span class='ocrx_word' id='word_1_100' title='bbox 1069 1623 1234 1683; x_wconf 88' lang='lat' dir='ltr'><strong>duae</strong></span> <span class='ocrx_word' id='word_1_101' title='bbox 1278 1631 1512 1685; x_wconf 85' lang='lat' dir='ltr'><strong>matres</strong></span> <span class='ocrx_word' id='word_1_102' title='bbox 1561 1643 1642 1684; x_wconf 82' lang='lat' dir='ltr'><strong>ex</strong></span> <span class='ocrx_word' id='word_1_103' title='bbox 1660 1621 2007 1702; x_wconf 81' lang='lat' dir='ltr'><strong>-insperato</strong></span> <span class='ocrx_word' id='word_1_104' title='bbox 2044 1617 2317 1701; x_wconf 86' lang='lat' dir='ltr'><strong>receptis</strong></span> <span class='ocrx_word' id='word_1_105' title='bbox 2361 1616 2514 1680; x_wconf 85' lang='lat' dir='ltr'><strong>filiis</strong></span> <span class='ocrx_word' id='word_1_106' title='bbox 2612 1623 2623 1630; x_wconf 87' lang='grc'><em>“</em></span> 
     </span>
    </p>
   </div>
   <div class='ocr_carea' id='block_1_7' title="bbox 279 1717 2635 3439">
    <p class='ocr_par' dir='ltr' id='par_1_8' title="bbox 385 1717 2513 1806">
     <span class='ocr_line' id='line_1_15' title="bbox 385 1717 2513 1806; baseline -0.002 -20"><span class='ocrx_word' id='word_1_107' title='bbox 385 1722 624 1806; x_wconf 89' lang='lat' dir='ltr'><strong>gaudio</strong></span> <span class='ocrx_word' id='word_1_108' title='bbox 649 1732 940 1786; x_wconf 88' lang='lat' dir='ltr'><strong>mortuae</strong></span> <span class='ocrx_word' id='word_1_109' title='bbox 971 1731 1146 1786; x_wconf 88' lang='lat' dir='ltr'><strong>sunt.</strong></span> <span class='ocrx_word' id='word_1_110' title='bbox 1210 1725 1290 1786; x_wconf 92' lang='lat' dir='ltr'><strong>ob</strong></span> <span class='ocrx_word' id='word_1_111' title='bbox 1330 1722 1500 1786; x_wconf 88' lang='lat' dir='ltr'><strong>hanc</strong></span> <span class='ocrx_word' id='word_1_112' title='bbox 1544 1723 1793 1785; x_wconf 86' lang='lat' dir='ltr'><strong>cladem</strong></span> <span class='ocrx_word' id='word_1_113' title='bbox 1834 1743 1916 1784; x_wconf 85' lang='lat' dir='ltr'><strong>ex</strong></span> <span class='ocrx_word' id='word_1_114' title='bbox 1958 1719 2292 1804; x_wconf 84' lang='lat' dir='ltr'><strong>Sibyllinis</strong></span> <span class='ocrx_word' id='word_1_115' title='bbox 2332 1717 2513 1782; x_wconf 91' lang='lat' dir='ltr'><strong>libris</strong></span> 
     </span>
    </p>

    <p class='ocr_par' dir='ltr' id='par_1_9' title="bbox 279 1820 2514 1993">
     <span class='ocr_line' id='line_1_16' title="bbox 279 1820 2513 1898; baseline -0.002 -10"><span class='ocrx_word' id='word_1_116' title='bbox 279 1892 291 1898; x_wconf 62' lang='grc'><em>,</em></span> <span class='ocrx_word' id='word_1_117' title='bbox 387 1845 504 1888; x_wconf 92' lang='lat' dir='ltr'><strong>uer</strong></span> <span class='ocrx_word' id='word_1_118' title='bbox 531 1844 783 1888; x_wconf 86' lang='lat' dir='ltr'><strong>sacrum</strong></span> <span class='ocrx_word' id='word_1_119' title='bbox 810 1833 1060 1886; x_wconf 88' lang='lat' dir='ltr'><strong>uotum.</strong></span> <span class='ocrx_word' id='word_1_120' title='bbox 1101 1847 1258 1888; x_wconf 82' lang='lat' dir='ltr'><strong>cum</strong></span> <span class='ocrx_word' id='word_1_121' title='bbox 1290 1825 1522 1888; x_wconf 89' lang='lat' dir='ltr'><strong>deinde</strong></span> <span class='ocrx_word' id='word_1_122' title='bbox 1565 1827 1649 1892; x_wconf 83' lang='lat' dir='ltr'><strong>Q.</strong></span> <span class='ocrx_word' id='word_1_123' title='bbox 1685 1823 1923 1886; x_wconf 86' lang='lat' dir='ltr'><strong>Fabius</strong></span> <span class='ocrx_word' id='word_1_124' title='bbox 1956 1822 2284 1886; x_wconf 82' lang='lat' dir='ltr'><strong>Maximus</strong></span> <span class='ocrx_word' id='word_1_125' title='bbox 2315 1820 2513 1885; x_wconf 90' lang='lat' dir='ltr'><strong>dicta-</strong></span> 
     </span>
     <span class='ocr_line' id='line_1_17' title="bbox 388 1923 2514 1993; baseline -0.002 -3"><span class='ocrx_word' id='word_1_126' title='bbox 388 1937 490 1990; x_wconf 87' lang='lat' dir='ltr'><strong>tor</strong></span> <span class='ocrx_word' id='word_1_127' title='bbox 520 1928 826 1989; x_wconf 89' lang='lat' dir='ltr'><strong>aduersus</strong></span> <span class='ocrx_word' id='word_1_128' title='bbox 857 1925 1302 1990; x_wconf 88' lang='lat' dir='ltr'><strong>Hannibalem</strong></span> <span class='ocrx_word' id='word_1_129' title='bbox 1330 1927 1565 1993; x_wconf 89' lang='lat' dir='ltr'><strong>missus</strong></span> <span class='ocrx_word' id='word_1_130' title='bbox 1595 1925 1799 1990; x_wconf 87' lang='lat' dir='ltr'><strong>nollet</strong></span> <span class='ocrx_word' id='word_1_131' title='bbox 1842 1925 1975 1988; x_wconf 91' lang='lat' dir='ltr'><strong>acie</strong></span> <span class='ocrx_word' id='word_1_132' title='bbox 2006 1947 2156 1988; x_wconf 88' lang='lat' dir='ltr'><strong>cum</strong></span> <span class='ocrx_word' id='word_1_133' title='bbox 2186 1946 2262 1988; x_wconf 92' lang='lat' dir='ltr'><strong>eo</strong></span> <span class='ocrx_word' id='word_1_134' title='bbox 2293 1923 2514 1987; x_wconf 89' lang='lat' dir='ltr'><strong>confli-</strong></span> 
     </span>
    </p>

    <p class='ocr_par' dir='ltr' id='par_1_10' title="bbox 289 2023 2519 3032">
     <span class='ocr_line' id='line_1_18' title="bbox 293 2023 2515 2118; baseline -0.002 -27"><span class='ocrx_word' id='word_1_135' title='bbox 293 2042 356 2092; x_wconf 84' lang='lat'><strong>15</strong></span> <span class='ocrx_word' id='word_1_136' title='bbox 385 2051 570 2113; x_wconf 89' lang='lat' dir='ltr'><strong>gere,</strong></span> <span class='ocrx_word' id='word_1_137' title='bbox 630 2051 714 2118; x_wconf 71' lang='lat' dir='ltr'><strong>ne</strong></span> <span class='ocrx_word' id='word_1_138' title='bbox 765 2038 988 2091; x_wconf 88' lang='lat' dir='ltr'><strong>contra</strong></span> <span class='ocrx_word' id='word_1_139' title='bbox 1038 2029 1312 2092; x_wconf 87' lang='lat' dir='ltr'><strong>ferocem</strong></span> <span class='ocrx_word' id='word_1_140' title='bbox 1363 2039 1460 2093; x_wconf 89' lang='lat' dir='ltr'><strong>tot</strong></span> <span class='ocrx_word' id='word_1_141' title='bbox 1503 2028 1791 2093; x_wconf 86' lang='lat' dir='ltr'><strong>uictoriis</strong></span> <span class='ocrx_word' id='word_1_142' title='bbox 1848 2028 2103 2091; x_wconf 88' lang='lat' dir='ltr'><strong>hostem</strong></span> <span class='ocrx_word' id='word_1_143' title='bbox 2144 2053 2179 2088; x_wconf 54' lang='grc' dir='ltr'>ι</span> <span class='ocrx_word' id='word_1_144' title='bbox 2206 2023 2515 2089; x_wconf 63' lang='lat' dir='ltr'><strong>&#39;aduersis</strong></span> 
     </span>
     <span class='ocr_line' id='line_1_19' title="bbox 371 2125 2519 2214; baseline -0.001 -20"><span class='ocrx_word' id='word_1_145' title='bbox 371 2129 647 2214; x_wconf 78' lang='lat' dir='ltr'><strong>proeliis</strong></span> <span class='ocrx_word' id='word_1_146' title='bbox 667 2125 916 2193; x_wconf 75' lang='lat' dir='ltr'><strong>milites</strong></span> <span class='ocrx_word' id='word_1_147' title='bbox 945 2152 1233 2214; x_wconf 88' lang='lat' dir='ltr'><strong>pugnare</strong></span> <span class='ocrx_word' id='word_1_148' title='bbox 1265 2131 1731 2208; x_wconf 77' lang='lat' dir='ltr'><strong>committeret,</strong></span> <span class='ocrx_word' id='word_1_149' title='bbox 1767 2140 1833 2194; x_wconf 91' lang='lat' dir='ltr'><strong>et</strong></span> <span class='ocrx_word' id='word_1_150' title='bbox 1863 2131 2243 2213; x_wconf 90' lang='lat' dir='ltr'><strong>opponendo</strong></span> <span class='ocrx_word' id='word_1_151' title='bbox 2274 2150 2342 2191; x_wconf 92' lang='lat' dir='ltr'><strong>se</strong></span> <span class='ocrx_word' id='word_1_152' title='bbox 2370 2137 2519 2210; x_wconf 21' lang='lat' dir='ltr'><strong>,tan-¹</strong></span> 
     </span>
     <span class='ocr_line' id='line_1_20' title="bbox 389 2229 2519 2317; baseline -0.002 -21"><span class='ocrx_word' id='word_1_153' title='bbox 389 2243 532 2296; x_wconf 83' lang='lat' dir='ltr'><strong>tum</strong></span> <span class='ocrx_word' id='word_1_154' title='bbox 560 2242 830 2296; x_wconf 87' lang='lat' dir='ltr'><strong>conatus</strong></span> <span class='ocrx_word' id='word_1_155' title='bbox 861 2232 1256 2296; x_wconf 84' lang='lat' dir='ltr'><strong>Hannibalis</strong></span> <span class='ocrx_word' id='word_1_156' title='bbox 1295 2233 1633 2317; x_wconf 88' lang='lat' dir='ltr'><strong>impediret</strong></span> <span class='ocrx_word' id='word_1_157' title='bbox 1650 2283 1668 2309; x_wconf 93' lang='lat'><strong><em>,</em></strong></span> <span class='ocrx_word' id='word_1_158' title='bbox 1719 2235 1815 2296; x_wconf 89' lang='lat' dir='ltr'><strong>M.</strong></span> <span class='ocrx_word' id='word_1_159' title='bbox 1854 2232 2185 2296; x_wconf 90' lang='lat' dir='ltr'><strong>Minucius</strong></span> <span class='ocrx_word' id='word_1_160' title='bbox 2214 2229 2519 2314; x_wconf 89' lang='lat' dir='ltr'><strong>magister</strong></span> 
     </span>
     <span class='ocr_line' id='line_1_21' title="bbox 389 2323 2517 2418; baseline -0.002 -21"><span class='ocrx_word' id='word_1_161' title='bbox 389 2333 682 2418; x_wconf 88' lang='lat' dir='ltr'><strong>equitum</strong></span> <span class='ocrx_word' id='word_1_162' title='bbox 696 2382 718 2410; x_wconf 87' lang='lat'><em>,</em></span> <span class='ocrx_word' id='word_1_163' title='bbox 754 2334 932 2397; x_wconf 87' lang='lat' dir='ltr'><strong>ferox</strong></span> <span class='ocrx_word' id='word_1_164' title='bbox 963 2346 1028 2398; x_wconf 89' lang='lat' dir='ltr'><strong>et</strong></span> <span class='ocrx_word' id='word_1_165' title='bbox 1057 2335 1430 2399; x_wconf 88' lang='lat' dir='ltr'><strong>temerarius</strong></span> <span class='ocrx_word' id='word_1_166' title='bbox 1446 2384 1467 2413; x_wconf 89' lang='lat'>‚</span> <span class='ocrx_word' id='word_1_167' title='bbox 1515 2335 1918 2398; x_wconf 88' lang='lat' dir='ltr'><strong>criminando</strong></span> <span class='ocrx_word' id='word_1_168' title='bbox 1948 2323 2326 2397; x_wconf 85' lang='lat' dir='ltr'><strong>dictatorem</strong></span> <span class='ocrx_word' id='word_1_169' title='bbox 2356 2342 2517 2394; x_wconf 88' lang='lat' dir='ltr'><strong>tam·</strong></span> 
     </span>
     <span class='ocr_line' id='line_1_22' title="bbox 388 2436 2517 2521; baseline -0.002 -20"><span class='ocrx_word' id='word_1_170' title='bbox 388 2460 584 2521; x_wconf 90' lang='lat' dir='ltr'><strong>quam</strong></span> <span class='ocrx_word' id='word_1_171' title='bbox 612 2458 874 2520; x_wconf 85' lang='lat' dir='ltr'><strong>segnem</strong></span> <span class='ocrx_word' id='word_1_172' title='bbox 905 2448 970 2500; x_wconf 89' lang='lat' dir='ltr'><strong>et</strong></span> <span class='ocrx_word' id='word_1_173' title='bbox 1000 2437 1302 2501; x_wconf 90' lang='lat' dir='ltr'><strong>timidum</strong></span> <span class='ocrx_word' id='word_1_174' title='bbox 1330 2437 1575 2514; x_wconf 89' lang='lat' dir='ltr'><strong>effecit,</strong></span> <span class='ocrx_word' id='word_1_175' title='bbox 1626 2448 1701 2501; x_wconf 90' lang='lat' dir='ltr'><strong>ut</strong></span> <span class='ocrx_word' id='word_1_176' title='bbox 1738 2437 1962 2520; x_wconf 88' lang='lat' dir='ltr'><strong>populi</strong></span> <span class='ocrx_word' id='word_1_177' title='bbox 1991 2436 2174 2500; x_wconf 91' lang='lat' dir='ltr'><strong>iussu</strong></span> <span class='ocrx_word' id='word_1_178' title='bbox 2218 2454 2517 2518; x_wconf 89' lang='lat' dir='ltr'><strong>aequare-</strong></span> 
     </span>
     <span class='ocr_line' id='line_1_23' title="bbox 289 2537 2519 2623; baseline -0.001 -23"><span class='ocrx_word' id='word_1_179' title='bbox 289 2551 358 2601; x_wconf 87' lang='grc' dir='ltr'><strong>2ο</strong></span> <span class='ocrx_word' id='word_1_180' title='bbox 388 2550 495 2603; x_wconf 90' lang='lat' dir='ltr'><strong>tur</strong></span> <span class='ocrx_word' id='word_1_181' title='bbox 539 2538 599 2602; x_wconf 93' lang='lat' dir='ltr'><strong>ei</strong></span> <span class='ocrx_word' id='word_1_182' title='bbox 641 2560 813 2601; x_wconf 88' lang='lat' dir='ltr'><strong>cum.</strong></span> <span class='ocrx_word' id='word_1_183' title='bbox 843 2538 1152 2603; x_wconf 86' lang='lat' dir='ltr'><strong>dictatore</strong></span> <span class='ocrx_word' id='word_1_184' title='bbox 1203 2538 1579 2623; x_wconf 86' lang='lat' dir='ltr'><strong>imperium;</strong></span> <span class='ocrx_word' id='word_1_185' title='bbox 1645 2537 1981 2621; x_wconf 89' lang='lat' dir='ltr'><strong>diuisoque</strong></span> <span class='ocrx_word' id='word_1_186' title='bbox 2035 2537 2321 2601; x_wconf 88' lang='lat' dir='ltr'><strong>exercitu</strong></span> <span class='ocrx_word' id='word_1_187' title='bbox 2370 2558 2519 2599; x_wconf 91' lang='lat' dir='ltr'><strong>cum</strong></span> 
     </span>
     <span class='ocr_line' id='line_1_24' title="bbox 325 2639 2519 2723; baseline -0.001 -20"><span class='ocrx_word' id='word_1_188' title='bbox 325 2682 340 2695; x_wconf 85' lang='lat'><strong>·</strong></span> <span class='ocrx_word' id='word_1_189' title='bbox 390 2640 614 2723; x_wconf 92' lang='lat' dir='ltr'><strong>iniquo</strong></span> <span class='ocrx_word' id='word_1_190' title='bbox 653 2640 794 2704; x_wconf 88' lang='lat' dir='ltr'><strong>loco</strong></span> <span class='ocrx_word' id='word_1_191' title='bbox 840 2640 1236 2705; x_wconf 83' lang='lat' dir='ltr'><strong>conflixisset</strong></span> <span class='ocrx_word' id='word_1_192' title='bbox 1279 2652 1344 2704; x_wconf 90' lang='lat' dir='ltr'><strong>et</strong></span> <span class='ocrx_word' id='word_1_193' title='bbox 1385 2642 1456 2704; x_wconf 92' lang='lat' dir='ltr'><strong>in</strong></span> <span class='ocrx_word' id='word_1_194' title='bbox 1498 2641 1785 2705; x_wconf 85' lang='lat' dir='ltr'><strong>maximo</strong></span> <span class='ocrx_word' id='word_1_195' title='bbox 1824 2640 2190 2705; x_wconf 85' lang='lat' dir='ltr'><strong>discrimine</strong></span> <span class='ocrx_word' id='word_1_196' title='bbox 2230 2639 2519 2723; x_wconf 82' lang='lat' dir='ltr'><strong>legiones</strong></span> 
     </span>
     <span class='ocr_line' id='line_1_25' title="bbox 391 2740 2519 2826; baseline -0.001 -20"><span class='ocrx_word' id='word_1_197' title='bbox 391 2744 530 2806; x_wconf 86' lang='lat' dir='ltr'><strong>eius</strong></span> <span class='ocrx_word' id='word_1_198' title='bbox 561 2754 798 2818; x_wconf 89' lang='lat' dir='ltr'><strong>essent,</strong></span> <span class='ocrx_word' id='word_1_199' title='bbox 835 2742 1327 2826; x_wconf 89' lang='lat' dir='ltr'><strong>superueniente</strong></span> <span class='ocrx_word' id='word_1_200' title='bbox 1356 2766 1502 2806; x_wconf 90' lang='lat' dir='ltr'><strong>cum</strong></span> <span class='ocrx_word' id='word_1_201' title='bbox 1536 2744 1821 2807; x_wconf 86' lang='lat' dir='ltr'><strong>exercitu</strong></span> <span class='ocrx_word' id='word_1_202' title='bbox 1852 2744 2052 2808; x_wconf 89' lang='lat' dir='ltr'><strong>Fabio</strong></span> <span class='ocrx_word' id='word_1_203' title='bbox 2071 2742 2360 2807; x_wconf 83' lang='lat' dir='ltr'><strong>Maximo</strong></span> <span class='ocrx_word' id='word_1_204' title='bbox 2391 2740 2519 2805; x_wconf 92' lang='lat' dir='ltr'><strong>dis-</strong></span> 
     </span>
     <span class='ocr_line' id='line_1_26' title="bbox 391 2830 2519 2931; baseline 0 -24"><span class='ocrx_word' id='word_1_205' title='bbox 391 2845 660 2931; x_wconf 88' lang='lat' dir='ltr'><strong>crimine</strong></span> <span class='ocrx_word' id='word_1_206' title='bbox 689 2843 998 2907; x_wconf 89' lang='lat' dir='ltr'><strong>liberatus</strong></span> <span class='ocrx_word' id='word_1_207' title='bbox 1029 2854 1146 2907; x_wconf 89' lang='lat' dir='ltr'><strong>est.</strong></span> <span class='ocrx_word' id='word_1_208' title='bbox 1242 2869 1368 2929; x_wconf 93' lang='lat' dir='ltr'><strong>quo</strong></span> <span class='ocrx_word' id='word_1_209' title='bbox 1411 2847 1725 2911; x_wconf 88' lang='lat' dir='ltr'><strong>beneficio</strong></span> <span class='ocrx_word' id='word_1_210' title='bbox 1768 2847 1984 2910; x_wconf 89' lang='lat' dir='ltr'><strong>uictus</strong></span> <span class='ocrx_word' id='word_1_211' title='bbox 2028 2830 2235 2909; x_wconf 84' lang='lat' dir='ltr'><strong>castra</strong></span> <span class='ocrx_word' id='word_1_212' title='bbox 2265 2866 2414 2908; x_wconf 91' lang='lat' dir='ltr'><strong>cum</strong></span> <span class='ocrx_word' id='word_1_213' title='bbox 2444 2866 2519 2907; x_wconf 93' lang='lat' dir='ltr'><strong>eo</strong></span> 
     </span>
     <span class='ocr_line' id='line_1_27' title="bbox 391 2946 2518 3032; baseline 0 -24"><span class='ocrx_word' id='word_1_214' title='bbox 391 2946 608 3009; x_wconf 84' lang='lat' dir='ltr'><strong>iunxit</strong></span> <span class='ocrx_word' id='word_1_215' title='bbox 638 2957 702 3009; x_wconf 89' lang='lat' dir='ltr'><strong>et</strong></span> <span class='ocrx_word' id='word_1_216' title='bbox 729 2956 980 3027; x_wconf 88' lang='lat' dir='ltr'><strong>patrem</strong></span> <span class='ocrx_word' id='word_1_217' title='bbox 1011 2968 1160 3009; x_wconf 89' lang='lat' dir='ltr'><strong>eum</strong></span> <span class='ocrx_word' id='word_1_218' title='bbox 1190 2949 1524 3026; x_wconf 87' lang='lat' dir='ltr'><strong>salutauit,</strong></span> <span class='ocrx_word' id='word_1_219' title='bbox 1553 2946 1850 3032; x_wconf 85' lang='lat' dir='ltr'><strong>idemque</strong></span> <span class='ocrx_word' id='word_1_220' title='bbox 1880 2949 2088 3010; x_wconf 85' lang='lat' dir='ltr'><strong>facere</strong></span> <span class='ocrx_word' id='word_1_221' title='bbox 2117 2947 2357 3009; x_wconf 89' lang='lat' dir='ltr'><strong>milites</strong></span> <span class='ocrx_word' id='word_1_222' title='bbox 2387 2946 2518 3009; x_wconf 91' lang='lat' dir='ltr'><strong>ius-</strong></span> 
     </span>
    </p>

    <p class='ocr_par' dir='ltr' id='par_1_11' title="bbox 291 3048 2635 3439">
     <span class='ocr_line' id='line_1_28' title="bbox 291 3048 2519 3133; baseline -0.001 -21"><span class='ocrx_word' id='word_1_223' title='bbox 291 3061 358 3112; x_wconf 83' lang='lat'><strong>25</strong></span> <span class='ocrx_word' id='word_1_224' title='bbox 391 3048 496 3111; x_wconf 90' lang='lat' dir='ltr'><strong>sit.</strong></span> <span class='ocrx_word' id='word_1_225' title='bbox 545 3048 884 3111; x_wconf 89' lang='lat' dir='ltr'><strong>Hannibal</strong></span> <span class='ocrx_word' id='word_1_226' title='bbox 914 3060 1171 3111; x_wconf 86' lang='lat' dir='ltr'><strong>uastata</strong></span> <span class='ocrx_word' id='word_1_227' title='bbox 1201 3051 1562 3133; x_wconf 86' lang='lat' dir='ltr'><strong>Campania</strong></span> <span class='ocrx_word' id='word_1_228' title='bbox 1603 3052 1773 3114; x_wconf 90' lang='lat' dir='ltr'><strong>inter</strong></span> <span class='ocrx_word' id='word_1_229' title='bbox 1818 3049 2178 3113; x_wconf 89' lang='lat' dir='ltr'><strong>Casilinum</strong></span> <span class='ocrx_word' id='word_1_230' title='bbox 2209 3048 2519 3130; x_wconf 88' lang='lat' dir='ltr'><strong>oppidum</strong></span> 
     </span>
     <span class='ocr_line' id='line_1_29' title="bbox 392 3148 2521 3214; baseline -0.001 -1"><span class='ocrx_word' id='word_1_231' title='bbox 392 3160 458 3213; x_wconf 91' lang='lat' dir='ltr'><strong>et</strong></span> <span class='ocrx_word' id='word_1_232' title='bbox 489 3148 872 3213; x_wconf 86' lang='lat' dir='ltr'><strong>Calliculam</strong></span> <span class='ocrx_word' id='word_1_233' title='bbox 901 3160 1190 3213; x_wconf 91' lang='lat' dir='ltr'><strong>montem</strong></span> <span class='ocrx_word' id='word_1_234' title='bbox 1219 3173 1258 3214; x_wconf 93' lang='lat' dir='ltr'><strong>a</strong></span> <span class='ocrx_word' id='word_1_235' title='bbox 1287 3151 1486 3214; x_wconf 90' lang='lat' dir='ltr'><strong>Fabio</strong></span> <span class='ocrx_word' id='word_1_236' title='bbox 1516 3151 1735 3214; x_wconf 90' lang='lat' dir='ltr'><strong>clusus</strong></span> <span class='ocrx_word' id='word_1_237' title='bbox 1780 3149 2119 3213; x_wconf 86' lang='lat' dir='ltr'><strong>sarmentis</strong></span> <span class='ocrx_word' id='word_1_238' title='bbox 2166 3150 2249 3211; x_wconf 92' lang='lat' dir='ltr'><strong>ad</strong></span> <span class='ocrx_word' id='word_1_239' title='bbox 2278 3170 2521 3211; x_wconf 88' lang='lat' dir='ltr'><strong>cornua</strong></span> 
     </span>
     <span class='ocr_line' id='line_1_30' title="bbox 391 3250 2523 3337; baseline 0 -24"><span class='ocrx_word' id='word_1_240' title='bbox 391 3252 593 3314; x_wconf 88' lang='lat' dir='ltr'><strong>boum</strong></span> <span class='ocrx_word' id='word_1_241' title='bbox 639 3250 919 3334; x_wconf 87' lang='lat' dir='ltr'><strong>alligatis</strong></span> <span class='ocrx_word' id='word_1_242' title='bbox 965 3262 1029 3314; x_wconf 87' lang='lat' dir='ltr'><strong>et</strong></span> <span class='ocrx_word' id='word_1_243' title='bbox 1079 3250 1360 3315; x_wconf 86' lang='lat' dir='ltr'><strong>incensis</strong></span> <span class='ocrx_word' id='word_1_244' title='bbox 1412 3253 1801 3337; x_wconf 87' lang='lat' dir='ltr'><strong>praesidium</strong></span> <span class='ocrx_word' id='word_1_245' title='bbox 1853 3255 2301 3316; x_wconf 86' lang='lat' dir='ltr'><strong>Romanorum</strong></span> <span class='ocrx_word' id='word_1_246' title='bbox 2352 3253 2523 3333; x_wconf 92' lang='lat' dir='ltr'><strong>quod</strong></span> 
     </span>
     <span class='ocr_line' id='line_1_31' title="bbox 393 3350 2635 3439; baseline -0 -22"><span class='ocrx_word' id='word_1_247' title='bbox 393 3353 782 3418; x_wconf 87' lang='lat' dir='ltr'><strong>Calliculam</strong></span> <span class='ocrx_word' id='word_1_248' title='bbox 809 3354 1131 3418; x_wconf 90' lang='lat' dir='ltr'><strong>insidebat</strong></span> <span class='ocrx_word' id='word_1_249' title='bbox 1161 3354 1417 3437; x_wconf 84' lang='lat' dir='ltr'><strong>fugauit</strong></span> <span class='ocrx_word' id='word_1_250' title='bbox 1459 3355 1647 3419; x_wconf 82' lang='lat' dir='ltr'><strong>etsie</strong></span> <span class='ocrx_word' id='word_1_251' title='bbox 1678 3359 2111 3439; x_wconf 70' lang='lat' dir='ltr'><strong>transgressus</strong></span> <span class='ocrx_word' id='word_1_252' title='bbox 2137 3365 2235 3419; x_wconf 92' lang='lat' dir='ltr'><strong>est</strong></span> <span class='ocrx_word' id='word_1_253' title='bbox 2258 3355 2517 3419; x_wconf 90' lang='lat' dir='ltr'><strong>saltum.</strong></span> <span class='ocrx_word' id='word_1_254' title='bbox 2627 3350 2635 3359; x_wconf 71' lang='grc'><strong>”</strong></span> 
     </span>
    </p>
   </div>
   <div class='ocr_carea' id='block_1_8' title="bbox 389 3636 2531 4247">
    <p class='ocr_par' dir='ltr' id='par_1_12' title="bbox 389 3636 2531 4247">
     <span class='ocr_line' id='line_1_32' title="bbox 392 3636 2527 3711; baseline 0.002 -23"><span class='ocrx_word' id='word_1_255' title='bbox 392 3640 421 3689; x_wconf 90' lang='grc'><strong>3</strong></span> <span class='ocrx_word' id='word_1_256' title='bbox 448 3636 602 3689; x_wconf 81' lang='lat' dir='ltr'><strong>uenit</strong></span> <span class='ocrx_word' id='word_1_257' title='bbox 622 3637 682 3689; x_wconf 90' lang='lat' dir='ltr'><strong>in</strong></span> <span class='ocrx_word' id='word_1_258' title='bbox 707 3638 964 3703; x_wconf 73' lang='lat' dir='ltr'><strong>etruriam</strong></span> <span class='ocrx_word' id='word_1_259' title='bbox 991 3658 1057 3702; x_wconf 79' lang='grc' dir='ltr'><strong>ςν</strong></span> <span class='ocrx_word' id='word_1_260' title='bbox 1083 3640 1099 3709; x_wconf 78' lang='grc' dir='ltr'><strong>ΙΙ</strong></span> <span class='ocrx_word' id='word_1_261' title='bbox 1128 3640 1418 3709; x_wconf 84' lang='lat' dir='ltr'><strong>quatriduo</strong></span> <span class='ocrx_word' id='word_1_262' title='bbox 1458 3658 1523 3703; x_wconf 79' lang='grc' dir='ltr'><strong>ςν</strong></span> <span class='ocrx_word' id='word_1_263' title='bbox 1550 3640 1566 3705; x_wconf 78' lang='lat' dir='ltr'><strong>{l</strong></span> <span class='ocrx_word' id='word_1_264' title='bbox 1596 3644 1625 3692; x_wconf 88' lang='lat'>8</span> <span class='ocrx_word' id='word_1_265' title='bbox 1666 3640 2114 3711; x_wconf 85' lang='lat' dir='ltr'><strong>thrasymennum</strong></span> <span class='ocrx_word' id='word_1_266' title='bbox 2137 3652 2200 3705; x_wconf 86' lang='lat' dir='ltr'><strong>N,</strong></span> <span class='ocrx_word' id='word_1_267' title='bbox 2244 3640 2527 3694; x_wconf 87' lang='lat' dir='ltr'><strong>transime-</strong></span> 
     </span>
     <span class='ocr_line' id='line_1_33' title="bbox 389 3717 2527 3788; baseline 0.001 -20"><span class='ocrx_word' id='word_1_268' title='bbox 389 3734 521 3768; x_wconf 90' lang='lat' dir='ltr'><strong>num</strong></span> <span class='ocrx_word' id='word_1_269' title='bbox 548 3734 614 3777; x_wconf 75' lang='grc' dir='ltr'><strong>ςν</strong></span> <span class='ocrx_word' id='word_1_270' title='bbox 639 3717 656 3787; x_wconf 78' lang='lat' dir='ltr'>ss</span> <span class='ocrx_word' id='word_1_271' title='bbox 683 3720 715 3769; x_wconf 86' lang='lat'>9</span> <span class='ocrx_word' id='word_1_272' title='bbox 751 3725 1013 3788; x_wconf 86' lang='lat' dir='ltr'><strong>ruperant</strong></span> <span class='ocrx_word' id='word_1_273' title='bbox 1044 3730 1164 3787; x_wconf 67' lang='lat' dir='ltr'><strong>ng</strong></span> <span class='ocrx_word' id='word_1_274' title='bbox 1189 3719 1206 3787; x_wconf 82' lang='grc' dir='ltr'><strong>ΙΙ</strong></span> <span class='ocrx_word' id='word_1_275' title='bbox 1233 3719 1300 3771; x_wconf 89' lang='lat' dir='ltr'><strong>ab</strong></span> <span class='ocrx_word' id='word_1_276' title='bbox 1339 3720 1615 3773; x_wconf 77' lang='lat' dir='ltr'><strong>atherbale</strong></span> <span class='ocrx_word' id='word_1_277' title='bbox 1652 3732 1763 3782; x_wconf 72' lang='grc' dir='ltr'><strong>Νςε</strong></span> <span class='ocrx_word' id='word_1_278' title='bbox 1813 3718 2104 3772; x_wconf 86' lang='lat' dir='ltr'><strong>adherbale</strong></span> <span class='ocrx_word' id='word_1_279' title='bbox 2144 3738 2206 3783; x_wconf 88' lang='grc' dir='ltr'><strong>ς,</strong></span> <span class='ocrx_word' id='word_1_280' title='bbox 2250 3737 2283 3771; x_wconf 89' lang='lat' dir='ltr'><strong>a</strong></span> <span class='ocrx_word' id='word_1_281' title='bbox 2316 3719 2527 3771; x_wconf 85' lang='lat' dir='ltr'><strong>mahar-</strong></span> 
     </span>
     <span class='ocr_line' id='line_1_34' title="bbox 393 3792 2531 3867; baseline 0.001 -20"><span class='ocrx_word' id='word_1_282' title='bbox 393 3792 516 3847; x_wconf 88' lang='lat' dir='ltr'><strong>bale</strong></span> <span class='ocrx_word' id='word_1_283' title='bbox 544 3812 609 3855; x_wconf 77' lang='grc' dir='ltr'><strong>ςν</strong></span> <span class='ocrx_word' id='word_1_284' title='bbox 635 3795 652 3864; x_wconf 75' lang='grc' dir='ltr'><strong>Π</strong></span> <span class='ocrx_word' id='word_1_285' title='bbox 685 3798 741 3846; x_wconf 89' lang='grc'><strong>11</strong></span> <span class='ocrx_word' id='word_1_286' title='bbox 773 3802 829 3847; x_wconf 88' lang='lat' dir='ltr'><strong>et</strong></span> <span class='ocrx_word' id='word_1_287' title='bbox 853 3795 992 3847; x_wconf 88' lang='lat' dir='ltr'><strong>duae</strong></span> <span class='ocrx_word' id='word_1_288' title='bbox 1013 3808 1096 3858; x_wconf 82' lang='grc' dir='ltr'><strong>Νς</strong></span> <span class='ocrx_word' id='word_1_289' title='bbox 1122 3797 1138 3865; x_wconf 83' lang='grc' dir='ltr'><strong>ΙΙ</strong></span> <span class='ocrx_word' id='word_1_290' title='bbox 1172 3800 1232 3847; x_wconf 90' lang='grc'><strong>12</strong></span> <span class='ocrx_word' id='word_1_291' title='bbox 1237 3802 1365 3864; x_wconf 76' lang='lat' dir='ltr'><strong>post</strong></span> <span class='ocrx_word' id='word_1_292' title='bbox 1387 3798 1741 3851; x_wconf 76' lang='lat' dir='ltr'><strong>suntNaddit</strong></span> <span class='ocrx_word' id='word_1_293' title='bbox 1761 3798 1909 3867; x_wconf 88' lang='lat' dir='ltr'><strong>quod</strong></span> <span class='ocrx_word' id='word_1_294' title='bbox 1928 3798 2111 3850; x_wconf 90' lang='lat' dir='ltr'><strong>subito</strong></span> <span class='ocrx_word' id='word_1_295' title='bbox 2128 3806 2184 3851; x_wconf 87' lang='lat' dir='ltr'><strong>et</strong></span> <span class='ocrx_word' id='word_1_296' title='bbox 2206 3797 2375 3849; x_wconf 90' lang='lat' dir='ltr'><strong>nimio</strong></span> <span class='ocrx_word' id='word_1_297' title='bbox 2407 3798 2531 3867; x_wconf 86' lang='lat' dir='ltr'><strong>quis</strong></span> 
     </span>
     <span class='ocr_line' id='line_1_35' title="bbox 393 3870 2526 3945; baseline 0.002 -23"><span class='ocrx_word' id='word_1_298' title='bbox 393 3870 596 3939; x_wconf 83' lang='lat' dir='ltr'><strong>gaudio</strong></span> <span class='ocrx_word' id='word_1_299' title='bbox 619 3872 884 3924; x_wconf 87' lang='lat' dir='ltr'><strong>moriatur</strong></span> <span class='ocrx_word' id='word_1_300' title='bbox 909 3871 926 3941; x_wconf 71' lang='grc' dir='ltr'><strong>ΙΙ</strong></span> <span class='ocrx_word' id='word_1_301' title='bbox 958 3875 1018 3924; x_wconf 85' lang='grc'><strong>15</strong></span> <span class='ocrx_word' id='word_1_302' title='bbox 1045 3872 1257 3925; x_wconf 86' lang='lat' dir='ltr'><strong>hostem</strong></span> <span class='ocrx_word' id='word_1_303' title='bbox 1285 3872 1531 3925; x_wconf 88' lang='lat' dir='ltr'><strong>territum</strong></span> <span class='ocrx_word' id='word_1_304' title='bbox 1563 3875 1737 3927; x_wconf 78' lang='lat' dir='ltr'><strong>Aldus</strong></span> <span class='ocrx_word' id='word_1_305' title='bbox 1763 3876 1779 3945; x_wconf 80' lang='grc' dir='ltr'><strong>ΙΙ</strong></span> <span class='ocrx_word' id='word_1_306' title='bbox 1806 3874 2067 3927; x_wconf 87' lang='lat' dir='ltr'><strong>aduersus</strong></span> <span class='ocrx_word' id='word_1_307' title='bbox 2091 3885 2142 3926; x_wconf 98' lang='lat' dir='ltr'><em>N</em></span> <span class='ocrx_word' id='word_1_308' title='bbox 2162 3873 2179 3943; x_wconf 77' lang='lat' dir='ltr'>ss</span> <span class='ocrx_word' id='word_1_309' title='bbox 2210 3875 2275 3925; x_wconf 88' lang='grc'><strong>16</strong></span> <span class='ocrx_word' id='word_1_310' title='bbox 2298 3872 2526 3926; x_wconf 89' lang='lat' dir='ltr'><strong>militem</strong></span> 
     </span>
     <span class='ocr_line' id='line_1_36' title="bbox 395 3948 2528 4023; baseline 0.001 -22"><span class='ocrx_word' id='word_1_311' title='bbox 395 3966 462 4011; x_wconf 74' lang='grc' dir='ltr'><strong>ςν</strong></span> <span class='ocrx_word' id='word_1_312' title='bbox 487 3948 505 4019; x_wconf 78' lang='grc' dir='ltr'><strong>ΙΙ</strong></span> <span class='ocrx_word' id='word_1_313' title='bbox 530 3966 748 4018; x_wconf 86' lang='lat' dir='ltr'><strong>pugnae</strong></span> <span class='ocrx_word' id='word_1_314' title='bbox 773 3950 844 4013; x_wconf 82' lang='grc' dir='ltr'><strong>ςν’</strong></span> <span class='ocrx_word' id='word_1_315' title='bbox 865 3950 881 4020; x_wconf 84' lang='grc' dir='ltr'><strong>ΙΙ</strong></span> <span class='ocrx_word' id='word_1_316' title='bbox 908 3956 1122 4003; x_wconf 84' lang='lat' dir='ltr'><strong>tantum</strong></span> <span class='ocrx_word' id='word_1_317' title='bbox 1154 3952 1316 4003; x_wconf 93' lang='lat' dir='ltr'><strong>modo</strong></span> <span class='ocrx_word' id='word_1_318' title='bbox 1342 3950 1414 4021; x_wconf 73' lang='lat' dir='ltr'><strong>rfl</strong></span> <span class='ocrx_word' id='word_1_319' title='bbox 1447 3954 1509 4003; x_wconf 90' lang='lat'><strong>19</strong></span> <span class='ocrx_word' id='word_1_320' title='bbox 1548 3952 1712 4005; x_wconf 86' lang='lat' dir='ltr'><strong>efficit</strong></span> <span class='ocrx_word' id='word_1_321' title='bbox 1744 3965 1797 4005; x_wconf 91' lang='lat' dir='ltr'><em>N</em></span> <span class='ocrx_word' id='word_1_322' title='bbox 1833 3954 1849 4023; x_wconf 82' lang='grc' dir='ltr'><strong>ΙΙ</strong></span> <span class='ocrx_word' id='word_1_323' title='bbox 1892 3956 1956 4005; x_wconf 88' lang='grc'><strong>20</strong></span> <span class='ocrx_word' id='word_1_324' title='bbox 1995 3952 2045 4005; x_wconf 90' lang='lat' dir='ltr'><strong>ei</strong></span> <span class='ocrx_word' id='word_1_325' title='bbox 2079 3951 2365 4021; x_wconf 88' lang='lat' dir='ltr'><strong>imperium</strong></span> <span class='ocrx_word' id='word_1_326' title='bbox 2406 3969 2528 4004; x_wconf 90' lang='lat' dir='ltr'><strong>cum</strong></span> 
     </span>
     <span class='ocr_line' id='line_1_37' title="bbox 395 4024 2529 4097; baseline 0.001 -18"><span class='ocrx_word' id='word_1_327' title='bbox 395 4024 662 4079; x_wconf 81' lang='lat' dir='ltr'><strong>dictatore</strong></span> <span class='ocrx_word' id='word_1_328' title='bbox 701 4034 1024 4096; x_wconf 86' lang='lat' dir='ltr'><strong>aequaretur</strong></span> <span class='ocrx_word' id='word_1_329' title='bbox 1061 4045 1092 4079; x_wconf 87' lang='lat' dir='ltr'><strong>r</strong></span> <span class='ocrx_word' id='word_1_330' title='bbox 1131 4027 1148 4097; x_wconf 71' lang='grc' dir='ltr'>Η</span> <span class='ocrx_word' id='word_1_331' title='bbox 1187 4030 1248 4079; x_wconf 88' lang='grc'><strong>21</strong></span> <span class='ocrx_word' id='word_1_332' title='bbox 1292 4027 1348 4080; x_wconf 88' lang='lat' dir='ltr'><strong>in</strong></span> <span class='ocrx_word' id='word_1_333' title='bbox 1384 4026 1635 4097; x_wconf 87' lang='lat' dir='ltr'><strong>iniquum</strong></span> <span class='ocrx_word' id='word_1_334' title='bbox 1669 4028 1849 4081; x_wconf 90' lang='lat' dir='ltr'><strong>locum</strong></span> <span class='ocrx_word' id='word_1_335' title='bbox 1885 4046 1917 4081; x_wconf 86' lang='lat' dir='ltr'><strong>r</strong></span> <span class='ocrx_word' id='word_1_336' title='bbox 1952 4028 1969 4097; x_wconf 80' lang='grc'><strong>11</strong></span> <span class='ocrx_word' id='word_1_337' title='bbox 2011 4032 2077 4081; x_wconf 72' lang='grc'><strong>24</strong></span> <span class='ocrx_word' id='word_1_338' title='bbox 2113 4026 2313 4079; x_wconf 88' lang='lat' dir='ltr'><strong>milites</strong></span> <span class='ocrx_word' id='word_1_339' title='bbox 2356 4027 2529 4081; x_wconf 83' lang='lat' dir='ltr'><strong>facere</strong></span> 
     </span>
     <span class='ocr_line' id='line_1_38' title="bbox 391 4100 2531 4175; baseline 0.003 -22"><span class='ocrx_word' id='word_1_340' title='bbox 391 4100 854 4155; x_wconf 85' lang='lat' dir='ltr'><strong>commilitonibus</strong></span> <span class='ocrx_word' id='word_1_341' title='bbox 881 4101 1039 4155; x_wconf 85' lang='lat' dir='ltr'><strong>iussit</strong></span> <span class='ocrx_word' id='word_1_342' title='bbox 1064 4120 1095 4154; x_wconf 91' lang='lat' dir='ltr'><strong>r</strong></span> <span class='ocrx_word' id='word_1_343' title='bbox 1120 4102 1138 4173; x_wconf 78' lang='grc' dir='ltr'><strong>ΙΙ</strong></span> <span class='ocrx_word' id='word_1_344' title='bbox 1166 4107 1227 4155; x_wconf 85' lang='grc'><strong>25</strong></span> <span class='ocrx_word' id='word_1_345' title='bbox 1269 4102 1591 4173; x_wconf 86' lang='lat' dir='ltr'><strong>pasilianum</strong></span> <span class='ocrx_word' id='word_1_346' title='bbox 1614 4116 1735 4172; x_wconf 68' lang='lat' dir='ltr'><strong>Nyg</strong></span> <span class='ocrx_word' id='word_1_347' title='bbox 1760 4104 1777 4174; x_wconf 77' lang='lat' dir='ltr'>ss</span> <span class='ocrx_word' id='word_1_348' title='bbox 1805 4107 1871 4157; x_wconf 88' lang='grc'><strong>26</strong></span> <span class='ocrx_word' id='word_1_349' title='bbox 1913 4104 2127 4158; x_wconf 88' lang='lat' dir='ltr'><strong>clausus</strong></span> <span class='ocrx_word' id='word_1_350' title='bbox 2154 4122 2220 4167; x_wconf 77' lang='grc' dir='ltr'><strong>ςν</strong></span> <span class='ocrx_word' id='word_1_351' title='bbox 2246 4106 2263 4175; x_wconf 67' lang='grc' dir='ltr'><strong>Ιι</strong></span> <span class='ocrx_word' id='word_1_352' title='bbox 2291 4108 2356 4158; x_wconf 88' lang='grc'><strong>28</strong></span> <span class='ocrx_word' id='word_1_353' title='bbox 2383 4106 2531 4161; x_wconf 87' lang='lat' dir='ltr'><strong>calli-</strong></span> 
     </span>
     <span class='ocr_line' id='line_1_39' title="bbox 395 4178 1016 4247; baseline -0.003 -14"><span class='ocrx_word' id='word_1_354' title='bbox 395 4178 518 4233; x_wconf 87' lang='lat' dir='ltr'><strong>cula</strong></span> <span class='ocrx_word' id='word_1_355' title='bbox 541 4180 855 4233; x_wconf 84' lang='lat' dir='ltr'><strong>insidebant</strong></span> <span class='ocrx_word' id='word_1_356' title='bbox 875 4191 926 4232; x_wconf 98' lang='lat' dir='ltr'><em>N</em></span> <span class='ocrx_word' id='word_1_357' title='bbox 946 4180 963 4247; x_wconf 80' lang='lat' dir='ltr'>ss</span> <span class='ocrx_word' id='word_1_358' title='bbox 1011 4222 1016 4225; x_wconf 95' lang='lat'>.</span> 
     </span>
    </p>
   </div>
  </div>
 </body>
</html>
