3052 4823
539 308 660 370 128
1267 330 1439 372 1vm1
1472 331 1921 378 oBsEQVEN'rIS

531 477 949 560 pertinerent.
999 478 1292 542 fulminis
1342 481 1563 542 afflatu
1595 479 1898 562 pleraque
1929 479 2237 542 animalia
2266 481 2655 544 exanimata.
3038 456 3048 572 l

533 579 799 643 Venafri
829 579 1014 642 hiatu
1046 592 1212 643 terra
1242 581 1371 642 alte
1402 581 1711 643 subsedit.
1758 582 2050 644 uultures
2080 603 2304 644 canem
2337 595 2664 656 mortuum

532 682 854 744 laniantes
887 681 1080 744 occisi
1111 683 1190 744 ab
1221 682 1364 745 aliis
1399 693 1464 744 et
1494 683 1732 744 comesi
1754 682 2146 746 uulturibus.
2186 705 2393 766 agnus
2415 685 2658 772 bicePS‚

532 804 694 864 puer
725 783 927 845 tribus
957 783 1257 846 manibus
1290 785 1685 866 totidemque
1714 784 1984 866 pedibus
2014 795 2206 847 natus
2235 785 2374 847 Ate.
2438 787 2663 849 hastae

535 883 766 946 Martis
796 884 866 945 in
906 885 1083 968 regia
1125 896 1360 948 motae.
1411 888 1823 969 androgynus
1869 886 2117 950 Vrbino
2156 897 2349 950 natus
2390 886 2458 949 in
2490 909 2663 950 mare
2694 901 2725 948 5

536 987 927 1067 deportatus
977 1009 1106 1069 pax
1137 987 1310 1050 domi
1339 987 1620 1069 forisque
1648 987 1796 1050 fuit.

393 1192 462 1246 51
537 1189 612 1251 C.
650 1188 870 1251 Caelio
901 1191 979 1253 L.
1016 1189 1310 1252 Domitio
1338 1213 1497 1252 coss,
1562 1190 1952 1254 nouendiale
1984 1212 2237 1253 sacrum
2279 1191 2441 1266 fuit,
2490 1194 2661 1274 quod

323 1270 422 1354 [¹¹
445 1268 501 1353 l]
535 1289 604 1350 in
635 1291 875 1353 Volsca
903 1302 1095 1374 gente
1125 1292 1450 1375 lapidibus
1478 1293 1755 1376 pluerat.
1804 1293 2125 1358 Vulsiniis
2165 1295 2323 1355 luna
2352 1315 2525 1355 noua
2553 1294 2659 1355 de-

535 1391 688 1454 fecit
719 1404 784 1455 et
811 1415 946 1456 non
976 1393 1104 1456 nisi
1132 1404 1385 1476 postero
1415 1393 1518 1456 die
1563 1395 1723 1458 hora
1766 1395 1959 1457 tertia
2002 1394 2381 1478 comparuit.
2447 1394 2664 1476 puella

534 1494 749 1577 biceps
782 1495 1122 1578 quadripes
1155 1496 1596 1577 quadrimana,
1632 1497 1891 1578 gemina
1934 1497 2212 1560 feminea
2238 1507 2468 1558 natura
2497 1519 2661 1559 mor·
2697 1509 2764 1557 10

535 1606 652 1657 tua
681 1606 856 1658 nata.
909 1596 1048 1659 auis
1097 1595 1492 1659 incendiaria
1538 1596 1681 1659 uisa
1726 1599 2080 1681 occisaque.
2146 1599 2217 1660 in
2257 1597 2545 1662 Vestinis
2589 1596 2661 1658 in

534 1697 695 1759 uilla
725 1697 1048 1780 lapidibus
1078 1699 1268 1781 pluit.
1318 1699 1430 1760 fax
1459 1698 1529 1759 in
1548 1699 1723 1761 caelo
1749 1701 2045 1783 apparuit
2076 1710 2141 1762 et
2171 1710 2381 1763 totum
2410 1699 2661 1761 caelum
3040 1703 3049 1832 1

537 1801 754 1861 ardere
785 1799 1020 1862 uisum.
1074 1810 1240 1862 terra
1280 1799 1598 1882 sanguine
1642 1799 1937 1862 manauit
1965 1811 2029 1863 et
2059 1801 2407 1864 concreuit.
2470 1821 2660 1862 canes

535 1921 692 1962 saxa
721 1901 972 1983 tegulas
1003 1901 1204 1982 uulgo
1234 1911 1549 1963 roserunt.
1600 1903 1890 1966 Faesulis
1921 1903 2151 1984 ingens
2180 1902 2531 1964 multitudo
2561 1900 2659 1962 in-

535 2013 633 2063 ter
663 2003 954 2083 sepulcra
983 2001 1245 2083 lugubri
1276 2012 1457 2064 ueste
1476 2050 1496 2078 ‚
1541 2004 1785 2084 pallida
1832 2004 1991 2067 facie
2023 2002 2305 2065 interdiu
2336 2003 2661 2066 ambulare
2696 2015 2762 2063 15

534 2101 849 2184 gregatim
883 2101 1045 2164 uisa.
1095 2124 1207 2184 per
1236 2103 1543 2166 Nasicam
1574 2103 1937 2186 Hispaniae
1965 2105 2287 2187 principes
2322 2104 2431 2187 qui
2462 2104 2660 2166 rebel-

533 2204 756 2267 labant
787 2203 1102 2287 supplicio
1134 2205 1523 2289 consumpti,
1560 2205 1825 2268 urbibus
1857 2205 2109 2268 dirutis.

391 2426 466 2480 52
537 2409 611 2473 C.
648 2408 908 2473 Valerio
938 2410 1033 2471 M.
1073 2408 1408 2472 Herennio
1439 2431 1599 2473 coss·
1650 2413 1896 2474 Romae
1939 2420 2002 2472 et
2034 2408 2199 2473 circa
2227 2407 2497 2470 fulmine
2525 2408 2657 2491 ple-

321 2503 498 2588 [112]
533 2532 728 2592 raque
760 2512 1048 2573 decussa.
1101 2511 1336 2573 ancilla
1365 2535 1639 2595 puerum
1671 2513 2055 2574 unimanum
2085 2509 2352 2593 peperit.
2403 2508 2657 2591 Fregel-

531 2612 612 2675 lis
644 2614 830 2675 aedes
860 2611 1157 2695 Neptuni
1200 2624 1388 2675 nocte
1431 2614 1775 2695 patefacta.
1840 2612 2035 2675 maris
2078 2611 2273 2673 uituli
2316 2633 2464 2673 cum
2502 2620 2655 2672 exta
2686 2621 2755 2670 20

532 2716 973 2788 demerentur,
1037 2713 1280 2796 gemini
1322 2702 1533 2776 u’itelli
1573 2715 1643 2775 in
1704 2714 1854 2776 aluo
1900 2714 2036 2776 eius
2078 2710 2356 2774 inuenti.
2419 2710 2658 2774 Arretii

531 2814 791 2897 signum
821 2835 1093 2877 aeneum
1124 2812 1429 2875 Mercurii
1461 2815 1741 2877 sudauit.
1790 2816 1861 2877 in
1907 2814 2187 2879 Lucanis
2230 2835 2491 2897 gregem
2519 2834 2659 2874 uer-

533 2936 802 2990 uecum,
853 2937 1000 2977 cum
1029 2924 1395 2997 pasceretur
1423 2927 1487 2978 et
1517 2927 1707 2979 nocte
1736 2917 1807 2978 in
1838 2918 2091 2980 stabulo
2122 2918 2383 2977 flamma
2412 2914 2659 2975 circun-

531 3017 684 3078 data
710 3016 880 3078 nihil
911 3014 1177 3079 adussit.
1241 3016 1556 3079 Carseolis
1589 3027 1832 3081 torrens
1876 3016 2213 3101 sanguinis
2255 3014 2469 3078 fluxit.
2519 3012 2660 3097 lupi

529 3118 752 3179 urbem
783 3116 1077 3200 ingressi.
1130 3119 1476 3181 Praeneste
1507 3120 1659 3181 lana
1689 3120 2015 3183 uolitauit.
2081 3119 2154 3181 in
2194 3116 2435 3199 Apulia
2475 3115 2656 3177 mula
2688 3124 2755 3175 25

528 3218 797 3301 peperit.
869 3218 1108 3281 miluus
1153 3218 1225 3280 in
1271 3221 1424 3281 aede
1468 3221 1792 3303 Apollinis
1844 3223 2092 3284 Romae
2137 3218 2654 3299 comprehensus.

529 3318 866 3380 Herennio
912 3318 1161 3382 consuli
1204 3318 1302 3382 bis
1345 3319 1710 3384 immolanti
1753 3332 1948 3405 caput
1978 3319 2277 3385 iocineris
2308 3317 2535 3381 defuit.
2586 3316 2659 3378 in

530 3438 706 3480 sacro
737 3418 1110 3481 nouendiali
1141 3440 1338 3481 coena
1379 3422 1535 3484 deae
1565 3421 1776 3503 posita
1806 3445 1843 3485 a
1873 3445 2030 3486 cane
2063 3425 2254 3485 adesa
2283 3430 2432 3483 ante
2464 3439 2659 3500 quam

530 3516 937 3580 delibaretur.
1009 3518 1328 3583 Vulsiniis
1381 3521 1592 3601 prima
1644 3522 1789 3585 luce
1841 3526 2102 3586 flamma
2152 3523 2329 3585 caelo
2381 3519 2654 3583 emicare

529 3617 670 3681 uisa
686 3643 704 3694 3
742 3641 888 3681 cum
918 3619 989 3682 in
1021 3642 1227 3682 unum
1257 3620 1508 3699 coisset,
1548 3645 1616 3686 os
1647 3624 1944 3687 flammae
1975 3623 2414 3706 ferrugineum
2446 3632 2657 3685 osten·
2691 3634 2757 3683 30

530 3719 662 3797 dit,
711 3721 962 3784 caelum
1006 3721 1222 3785 uisum
1263 3723 1621 3801 discedere,
1669 3746 1703 3786 e
1734 3725 1918 3788 cuius
1960 3725 2145 3787 hiatu
2173 3724 2446 3786 uertices
2476 3723 2656 3785 flam-

525 3915 557 3962 4
576 3910 822 3977 fortasse
843 3912 1056 3965 Atellae
1083 3912 1100 3981 [Ι
1128 3917 1155 3963 7
1186 3912 1367 3965 Caelio
1391 3887 1705 3965 Hearhius:
1742 3913 1929 3965 Laelio
1956 3932 1989 3965 a
2015 3914 2032 3984 ΙΙ
2062 3917 2091 3966 8
2127 3928 2274 3965 nona
2309 3913 2609 3981 Schefferus
2637 3910 2655 3979 li

530 3990 586 4039 11
619 4004 746 4039 num
782 3986 968 4039 fauilla
1008 3979 1388 4058 lapidibusque
1429 3988 1455 4040 9
1482 3990 1498 4056 Η
1531 3991 1592 4039 14
1635 3989 1881 4041 uultures
1933 3988 2334 4057 Oudendorpius
2360 3988 2378 4057 ll
2411 3993 2473 4043 16
2508 3987 2659 4039 Flac-

524 4061 982 4204 ἓὲἓθὲἑζῖέίὲεηη
1011 4066 1075 4114 30
1113 4062 1328 4117 flamma
1373 4062 1772 4132 Oudendorpius
1800 4064 1817 4133 ss
1846 4068 1904 4116 31
1938 4065 2212 4117 discedere
2250 4080 2279 4115 e
2318 4064 2619 4132 Schqfferus
2639 4082 2657 4111 .-
