3052 4823
1108 317 1169 360 Τ.
1207 317 1349 362 mvl
1381 317 1731 362 v1111—X1.
2408 301 2485 362 17

353 453 588 534 Cursor
612 465 1016 530 Samnitium
1050 467 1403 531 exercitum
1421 516 1441 545 ,
1491 467 1603 551 qui
1647 467 1786 530 iure
1816 459 2089 531 iurando
2114 467 2478 545 obstrictuS,

356 592 480 652 quo
511 568 755 632 maiore
796 568 1159 632 constantia
1199 569 1462 633 uirtutis
1507 579 1825 654 pugnaret
1876 569 1947 631 in
1977 568 2182 634 aciem
2226 572 2484 633 descen·

354 673 567 748 derat,
612 670 804 733 fudit.
855 692 1088 732 census
1130 680 1311 734 actus
1357 681 1489 748 est,
1540 673 1821 736 lustrum
1860 671 2215 735 conditum.
2294 693 2487 759 censa

356 784 507 836 sunt
537 773 785 836 ciuium
815 772 1030 855 capita
1058 791 1326 836 chxxn
1365 784 1430 836 et
1459 793 1686 837 cccxx.

296 1053 324 1100 5
525 1055 532 1062 ·
1154 1042 1280 1104 EX
1326 991 1500 1104 LIB.
1550 1043 1705 1128 ΧΓ.-

354 1245 526 1330 Cum
556 1243 796 1306 Fabius
827 1245 1083 1329 Gurges
1117 1265 1250 1309 cos;
1281 1247 1451 1310 male
1483 1249 1793 1310 aduersus
1834 1246 2157 1310 Samnites
2200 1227 2482 1330 pugnas-

352 1356 447 1410 set
476 1356 541 1409 et
571 1356 833 1409 senatus
864 1347 942 1409 de
972 1349 1364 1411 remouendo
1394 1369 1469 1411 eo
1500 1350 1581 1425 ab
1612 1348 1899 1411 exercitu
1941 1357 2194 1430 ageret,
2243 1347 2483 1411 Fabius

353 1449 680 1511 Maximus
710 1458 893 1530 pater
922 1451 1298 1532 deprecatus
1328 1450 1498 1512 hanc
1519 1449 1629 1538 fili·
1640 1449 2067 1532 ignominiam
2097 1470 2171 1511 eo
2201 1448 2482 1510 maxime

349 1545 647 1642 senatum
690 1550 900 1613 mouit
921 1599 942 1636 ,ι
1003 1552 1177 1633 quod
1228 1551 1477 1614 iturum
1509 1573 1587 1612 -se
1628 1551 1765 1614 filio
1816 1551 2103 1634 legatum
2154 1549 2483 1633 pollicitus

261 1663 322 1713 10
352 1662 448 1715 est
466 1701 486 1729 ‚
552 1653 746 1737 idque
787 1652 1130 1735 praestitit.
1209 1652 1346 1716 eius
1393 1652 1679 1715 consiliis
1724 1664 1790 1715 et
1831 1651 2025 1735 opera
2052 1651 2227 1714 filius
2259 1650 2483 1713 consul

352 1753 610 1818 adiutus
642 1754 845 1817 caesis
878 1754 1280 1818 Samnitibus
1314 1753 1742 1836 triumphauit
1754 1779 1774 1829 3
1824 1756 1902 1818 C.
1941 1752 2253 1817 Pontium
2281 1751 2480 1834 impe-

352 1865 628 1920 ratorem
661 1856 1078 1932 Samnitium,
1115 1859 1384 1920 ductum
1413 1856 1483 1918 in
1515 1855 1867 1939 triumph0,
1904 1855 2113 1920 securi
2134 1853 2474 1938 percussit.

350 1978 500 2019 cum
550 1957 922 2040 pestilentia
973 1958 1202 2022 ciuitas
1246 1959 1598 2036 laboraret,
1644 1958 1827 2022 missi
1878 1957 2076 2041 legati
2120 1967 2195 2020 ut
2237 1959 2479 2020 Aescu-

350 2059 483 2140 lapi
535 2050 797 2142 signum
854 2060 1135 2122 Romam
1178 2061 1258 2122 ab
1312 2060 1641 2143 Epidauro
1698 2061 2117 2124 transferrent
2132 2107 2152 2135 ,
2200 2081 2481 2143 anguem

253 2173 318 2221 15
348 2160 459 2242 qui
505 2182 574 2223 se
605 2160 676 2222 in
716 2182 955 2223 nauem
996 2183 1218 2225 eorum
1261 2163 1657 2238 contulerat,
1700 2161 1931 2246 inquo
1974 2163 2191 2247 ipsum
2232 2170 2479 2227 numen

347 2284 484 2325 esse
516 2263 884 2336 constabat,
943 2264 1481 2345 deportauerunt3
1548 2286 1750 2347 eoque
1790 2265 1863 2327 in
1902 2265 2185 2328 insulam
2230 2266 2478 2328 Tiberis

345 2385 600 2447 egresso
653 2366 877 2428 eodem
927 2365 1066 2428 loeo
1119 2367 1307 2429 aedes
1359 2365 1748 2449 Aesculapio
1801 2365 2153 2429 constituta
2204 2377 2321 2429 est.
2393 2367 2471 2429 L.

347 2465 722 2529 Postumius
766 2466 1118 2530 consularis
1137 2515 1157 2543 ‚
1206 2466 1551 2550 quoniam,
1588 2488 1738 2529 cum
1780 2466 2091 2530 exercitui
2120 2477 2473 2548 praeesset,

347 2586 538 2647 opera
567 2567 856 2630 militum
884 2567 956 2630 in
985 2590 1139 2651 agro
1170 2590 1288 2631 suo
1319 2591 1474 2632 usus
1507 2578 1680 2645 erat,
1718 2570 2061 2631 damnatus
2092 2577 2211 2631 est.
2254 2589 2477 2650 pacem

245 2678 314 2728 20
343 2668 714 2749 petentibus
747 2669 1148 2733 Samnitibus
1172 2671 1398 2733 foedus
1423 2681 1652 2753 quarto
1674 2678 2059 2733 renouatum
2083 2680 2202 2733 est.
2240 2668 2475 2734 Curius

347 2770 672 2833 Dentatus
703 2772 928 2835 consul
959 2772 1362 2835 Samnitibus
1410 2772 1611 2835 caesis
1644 2783 1708 2835 et
1757 2770 2015 2835 Sabinis
2034 2770 2167 2855 qui
2210 2771 2475 2834 rebella-

344 2881 574 2933 uerant
603 2872 796 2937 uictis
841 2883 907 2935 et
945 2873 1018 2935 in
1048 2873 1443 2936 deditionem
1473 2860 1753 2956 acceptis
1783 2873 1883 2936 bis
1914 2872 1985 2935 in
2016 2875 2251 2947 eodem-
2270 2873 2475 2955 magi-

347 2980 554 3035 stratu
585 2972 1036 3057 triumphauit.
1105 2975 1394 3038 coloniae
1438 2976 1753 3038 deductae
1784 2984 1937 3037 sunt
1969 2975 2273 3037 Castrum
2304 2975 2477 3035 Sena

345 3073 619 3136 Hadria.
659 3074 984 3157 triumuiri
1007 3074 1313 3157 capitales
1343 3085 1502 3137 tunc
1531 3074 1813 3158 primum
1836 3075 2033 3137 creati
2064 3084 2240 3137 sunt.
2278 3096 2475 3137 censu

245 3184 312 3234 25
343 3185 485 3239 acto
508 3176 1137 3249 lustrumconditum
1149 3186 1268 3239 est.
1299 3197 1490 3239 censa
1514 3186 1669 3239 sunt
1684 3174 1928 3237 ciuium
1951 3176 2163 3259 capita
2178 3196 2467 3239 cchxxn.

340 3278 522 3359 plebs
552 3290 812 3360 propter
841 3300 948 3341 aes
979 3278 1265 3340 alienum
1293 3287 1440 3360 post
1467 3298 1699 3360 graues
1745 3290 1810 3340 et
1853 3278 2079 3361 longas
2124 3277 2471 3341 seditiones

345 3379 426 3440 ad
455 3378 764 3441 ultimum
809 3378 1069 3442 secessit
1112 3378 1184 3441 in
1225 3379 1595 3445 Ianiculum
1615 3427 1635 3455 ,
1684 3381 1857 3442 unde
1902 3402 1941 3443 a
1985 3381 2066 3446 Q.
2116 3379 2470 3443 Hortensio

345 3478 654 3543 dictatore
697 3482 972 3544 deducta
1013 3489 1111 3543 est
1126 3504 1144 3555 3
1209 3478 1393 3563 isque
1434 3480 1505 3543 in
1550 3480 1691 3564 ipso
1742 3481 2125 3565 magistratu
2173 3479 2465 3546 decessit.

344 3745 365 3795 1
397 3743 464 3795 de
487 3743 606 3797 iure
627 3757 712 3807 Νς
736 3746 754 3816 ΙΙ
780 3744 1071 3799 adstrictus
1096 3763 1128 3798 r
1153 3747 1171 3817 ΙΙ
1199 3751 1228 3799 2
1255 3764 1354 3800 suo
1379 3748 1584 3801 maiore
1621 3760 1734 3813 Νς,
1775 3754 1839 3801 ut
1871 3748 2073 3801 maiore
2111 3766 2175 3810 ς,
2228 3764 2328 3799 suo
2365 3763 2473 3814 quo

338 3821 538 3874 maiore
562 3840 594 3875 r
619 3825 638 3892 ss
666 3828 696 3874 4
711 3824 864 3875 milia
889 3824 1124 3876 ducenta
1147 3825 1434 3894 sexaginta
1458 3825 1568 3878 duo
1593 3832 1837 3879 trecenta
1862 3826 2062 3894 uiginti
2086 3840 2255 3876 unum
2282 3822 2473 3873 Liuius

341 3903 404 3951 47
445 3900 464 3970 ΙΙ
501 3904 534 3953 9
579 3900 777 3953 iterum
813 3913 864 3953 N
903 3901 921 3971 ΙΙ
955 3905 1016 3954 10
1053 3909 1217 3970 atque
1256 3902 1373 3955 eius
1409 3920 1440 3953 r
1465 3902 1482 3971 ΙΙ
1515 3903 1579 3953 13
1617 3901 1810 3954 ciuitas
1847 3900 2158 3970 pestilentia
2194 3916 2225 3951 r
2251 3898 2270 3967 ΙΙ
2294 3897 2472 3949 missis

335 3976 528 4047 legatis
551 3989 628 4030 Nr
653 3978 672 4049 ss
704 3982 766 4031 16
789 3978 1146 4049 deportauere
1171 3981 1209 4031 ν’
1228 3980 1246 4049 ss
1277 3983 1338 4032 17
1365 3980 1521 4033 sedes
1542 3977 1852 4051 Aesculapii
1876 3996 1908 4051 ἲ·
1932 3978 1950 4047 ΙΙ
1978 3983 2337 4039 consecratag
2360 3976 2379 4047 ῃ
2410 3980 2471 4028 19

338 4072 467 4109 usus
491 4064 634 4111 esset
660 4075 736 4120 ςν-
753 4058 770 4127 ΙΙ
797 4061 864 4109 20
907 4059 1230 4113 samnitibus
1258 4077 1322 4122 3²
1363 4076 1448 4111 om
1477 4069 1621 4121 Νςν,
1638 4094 1643 4099 -
1662 4056 1910 4109 hostibus
1936 4071 1981 4122 y
2008 4054 2025 4123 ΙΙ
2054 4056 2119 4106 26
2158 4050 2284 4125 post
2321 4054 2472 4125 Siqu-
2534 4120 2541 4125 .

335 4130 456 4183 nius
471 4152 490 4182 .·
526 4140 746 4203 propter
769 4145 870 4198 Νς,
901 4140 958 4187 et
981 4152 1012 4185 r
1038 4134 1056 4204 ss

419 4228 630 4269 mvns
2104 4220 2139 4277 2
