3052 4823
967 361 1029 404 T.
1050 362 1211 418 ,1.1ν1
1245 361 1464 405 xnvm
1475 327 1831 406 '-xi.v1111.
2390 345 2468 406 53

333 512 636 577 omnibus
697 510 1272 594 instrumentisque
1312 510 1502 587 belli,
1556 511 1612 574 si
1652 533 1781 594 qua
1824 511 2218 593 Carthagine
2260 525 2464 589 erant,

285 677 294 682 -
335 637 488 678 cum
521 636 616 678 ‚ex
661 612 1044 676 auctoritate
1089 622 1349 695 patrum
1402 612 1701 676 iuberent
1751 622 1826 675 ut
1869 612 1940 674 in
1986 613 2187 675 alium
2229 613 2465 690 locum,

337 718 493 779 dum
524 737 564 778 a
592 703 1166 797 mari-{passuum
1195 736 1278 777 ne
1307 712 1524 776 minus
1557 724 1873 777 remotum
1892 763 1911 791 ,
1958 713 2269 798 oppidum
2307 716 2471 778 face-

336 827 518 893 rent,
563 815 960 899 indignitate
1004 815 1098 878 rei
1149 818 1232 878 ad
1275 815 1653 878 bellandum
1696 815 2263 897 Carthaginienses
2302 839 2471 880 com-

269 934 302 982 5
335 919 669 1002 pulerunt.
734 917 1012 981 obsideri
1055 918 1539 1001 obpugnarique
1570 927 1795 1000 coepta
1826 927 1921 980 est
1953 918 2275 1001 Carthago
2322 941 2360 980 a
2390 921 2465 982 L.

341 1005 596 1083 Marcio·
622 1017 739 1082 Μ’.
776 1018 1051 1082 Manilio
1094 1041 1222 1082 cos.
1259 1019 1330 1080 in
1371 1038 1500 1101 qua
1544 1018 2022 1102 obpugnatione
2068 1042 2216 1082 cum
2257 1021 2472 1103 negle-

339 1131 474 1184 ctos
505 1122 588 1183 ab
620 1142 754 1183 una
781 1129 964 1203 parte
994 1140 1224 1201 muros·
1242 1121 1370 1182 duo
1400 1120 1649 1183 tribuni
1674 1131 1909 1196 temere
1933 1143 2082 1183 cum
2104 1122 2473 1185 cohortibus

342 1223 474 1286 suis
528 1221 925 1304 inrupissent
971 1231 1036 1283 et
1080 1222 1160 1283 ab
1210 1221 1551 1305 oppidanis
1603 1223 1886 1305 grauiter
1928 1225 2379 1300 caederentur,
2436 1245 2475 1285 a

343 1322 647 1408 Scipione
678 1321 998 1386 Orfitiano
1047 1322 1336 1405 expliciti
1382 1335 1557 1386 sunt.
1630 1345 1744 1406 per
1789 1346 1981 1406 quem
2026 1335 2091 1386 et
2135 1326 2473 1388 castellum

240 1438 308 1487 10
340 1427 822 1501 Romanorum,
887 1425 1060 1507 quod
1095 1436 1283 1488 nocte
1327 1426 1823 1507 expugnabant,
1884 1425 2105 1507 paucis
2152 1425 2472 1508 equitibus
2555 1487 2568 1502 ,

343 1525 724 1589 iuuantibus
767 1525 1114 1590 liberatum
1157 1536 1254 1589 est
1324 1525 1808 1608 castrorumque
1828 1575 1847 1602 ,
1912 1547 2075 1608 quae
2135 1513 2471 1608 Carthagi-

341 1628 600 1690 nienses
633 1625 930 1690 omnibus
961 1627 1160 1712 copiis
1185 1630 1263 1690 ab
1286 1629 1441 1690 urbe
1465 1626 1704 1711 pariter
1728 1625 1964 1710 egressi
1987 1628 2243 1710 obpugn
2252 1629 2469 1704 abant,

341 1729 758 1792 liberatorum
815 1728 870 1792 is
925 1729 1064 1813 ipse
1114 1723 1528 1812 praecipuam
1578 1728 1851 1811 gloriam
1904 1727 2078 1791 tulit.
2148 1741 2475 1810 praeterea

343 1852 494 1892 cum
508 1830 589 1891 ab
603 1829 801 1892 inrita
828 1830 1308 1915 obpugnatione
1323 1830 1737 1918 Carthaginis
1770 1830 2089 1893 consul-—
2108 1831 2269 1892 alter
2300 1830 2474 1892 enim

243 1945 312 1994 15
343 1933 621 1994 Romam
637 1933 721 1994 ad
750 1932 1010 1995 comitia
1039 1933 1199 1995 ierat
1219 1970 1294 1980 -
1317 1933 1667 1995 exereitum
1701 1934 1961 1995 duceret
1980 1934 2285 1995 aduersus
2301 1933 2471 1995 Has-

344 2033 677 2095 drubalem
695 2081 714 2108 ,
772 2033 883 2115 qui
927 2056 1077 2096 cum
1113 2037 1330 2117 ampla
1359 2057 1561 2098 manu
1590 2035 1827 2097 saltum
1854 2035 2099 2100 inicum
2127 2037 2473 2114 insederat,

347 2135 551 2197 suasit
580 2133 786 2216 primo
819 2135 1066 2198 consuli
1122 2157 1204 2198 ne
1248 2150 1382 2208 tam
1411 2137 1583 2200 inico
1615 2137 1755 2199 loco
1786 2138 2179 2222 confligeret.
2259 2139 2471 2202 uictus

347 2234 579 2297 deinde
604 2234 1034 2319 conplurium,
1071 2237 1182 2320 qui
1211 2248 1276 2301 et
1303 2237 1685 2321 prudentiae
1710 2249 1775 2300 et
1796 2239 2028 2302 uirtuti
2058 2241 2195 2304 eius
2225 2239 2475 2304 in'uid'e-

349 2333 542 2411 bant',
607 2337 944 2400 sententiis
991 2350 1055 2401 et
1097 2339 1234 2423 ipse
1276 2341 1512 2402 saltum
1554 2339 1885 2422 ingressus
1931 2351 2049 2404 est.
2101 2363 2273 2418 cum,
2311 2343 2478 2405 sicut

251 2452 317 2501 20
346 2426 790 2522 praedixerat,
824 2439 1006 2504 fusus
1038 2441 1428 2524 fugatusque
1460 2451 1629 2503 esset
1672 2442 2008 2504 Romanus
2055 2443 2371 2505 exercitus
2414 2454 2478 2505 et

353 2542 518 2604 duae
549 2541 840 2603 cohortes
871 2544 950 2604 ab
981 2543 1163 2607 hoste
1205 2543 1684 2617 obsiderentur,
1733 2564 1882 2604 cum
1923 2544 2143 2625 paucis
2188 2544 2480 2627 equitum

355 2642 582 2705 turmis
613 2642 694 2704 in·
715 2644 954 2705 saltum
983 2667 1275 2707 reuersus
1319 2644 1621 2708 liberauit
1667 2665 1773 2706 eas
1806 2653 1871 2705 et
1912 2644 2265 2709 incolumes
2296 2649 2479 2710 redu-

353 2744 471 2807 xit.
540 2766 734 2826 quam
763 2745 1075 2809 uirtutem
1105 2747 1244 2811 eius
1275 2740 1341 2809 et
1370 2748 1567 2823 Cato,
1617 2746 1718 2808 uir
1760 2747 2167 2830 promptioris
2199 2750 2280 2811 ad
2310 2749 2481 2812 uitu-

351 2849 711 2929 perandum
737 2846 1000 2931 lin'guae
1019 2897 1039 2925 ,
1067 2848 1138 2910 in
1170 2859 1401 2911 senatu
1431 2848 1521 2911 sic
1550 2859 1925 2931 prosecutus
1958 2860 2088 2926 est,
2122 2861 2198 2913 ut
2244 2850 2482 2913 diceret

259 2959 323 3009 25
353 2948 634 3032 reliquos
666 2950 879 3032 quiin
922 2949 1139 3013 Africa
1182 2950 1539 3013 militarent
1584 2949 1843 3013 umbras
1886 2952 2188 3027 uolitare,
2238 2952 2482 3033 Scipio-

356 3072 504 3112 nem
539 3050 787 3133 uigere,
825 3063 890 3114 et
918 3051 1198 3135 populus
1229 3053 1566 3114 Romanus
1598 3070 1671 3113 eo
1702 3052 1923 3113 fauore
1953 3052 2321 3134 complexus
2342 3099 2360 3126 ,
2410 3062 2485 3114 ut

325 3204 330 3209 .
358 3151 636 3215 comitiis
666 3152 983 3235 plurimae
1014 3175 1160 3214 eum
1195 3150 1404 3215 tribus
1413 3153 1758 3215 consulem
1788 3152 2157 3227 scriberent,
2192 3174 2345 3214 cum·
2364 3152 2487 3215 hoc

360 3276 473 3336 per
513 3263 790 3317 aetatem
836 3276 968 3317 non
1003 3254 1253 3331 liceret.
1319 3276 1466 3317 cum
1508 3255 1587 3316 L.
1641 3252 2015 3317 Scribonius
2061 3265 2142 3317 tr.
2178 3256 2267 3337 pl.
2304 3276 2486 3337 roga-

363 3557 393 3605 2
420 3572 542 3607 cum
567 3550 792 3625 scripsi}-
819 3563 938 3609 tum
961 3568 1070 3626 Ny,
1112 3563 1244 3610 tunc
1285 3575 1405 3610 cum
1448 3574 1531 3619 ςν
1540 3556 1557 3626 ss
1584 3556 1690 3609 alio
1727 3556 1877 3620 1000,
1920 3557 2107 3628 procul
2143 3575 2175 3609 a
2198 3556 2333 3609 mari
2357 3574 2389 3608 r
2414 3556 2431 3625 ΙΙ
2460 3560 2489 3607 3

363 3650 460 3686 nee
488 3651 554 3696 ςν
579 3634 596 3704 ΙΙ
622 3642 830 3688 remoto
853 3653 886 3687 r
912 3635 928 3705 ΙΙ
955 3635 1310 3689 transferrent
1341 3634 1647 3688 Gronovius
1674 3634 1691 3703 Ι]
1720 3638 1750 3687 6
1776 3634 1855 3687 Μ’
1883 3636 2164 3705 Sigonius:
2194 3632 2252 3687 ‘m
2275 3648 2390 3697 Νςν
2416 3637 2431 3703 ΙΙ
2461 3639 2491 3686 8

347 3710 472 3763 'suis
509 3730 592 3763 om
641 3712 772 3783 r119
812 3712 1097 3765 aemiliano
1140 3731 1190 3776 ς,
1252 3712 1508 3765 Africano
1556 3713 1629 3781 νῆ
1661 3715 1718 3762 11
1775 3712 2077 3781 castrisque
2126 3730 2157 3763 r
2195 3712 2212 3779 ΙΙ
2244 3714 2305 3763 12
2356 3710 2495 3779 pari·

362 3796 444 3842 ter
479 3791 546 3843 ab
597 3791 729 3844 urbe
767 3810 832 3854 ςν
856 3791 876 3861 ΙΙ
907 3794 965 3843 13
1012 3790 1251 3844 liberatis
1292 3809 1323 3842 r
1349 3792 1366 3861 ss
1397 3795 1458 3843 15
1484 3808 1637 3843 roma
1658 3801 1731 3852 N,
1784 3807 1964 3841 romae
2005 3808 2039 3851 ς
2064 3789 2081 3858 Π
2108 3795 2224 3839 erat
2242 3799 2325 3847 Νς
2350 3788 2367 3856 ΙΙ
2396 3786 2494 3837 du-

366 3884 486 3919 cere
513 3868 774 3920 aduersus
799 3867 1201 3919 Hasdrubalem
1243 3868 1411 3920 uellet
1448 3885 1480 3919 r
1504 3868 1522 3936 ΙΙ
1555 3870 1617 3918 16
1655 3864 1766 3917 alta
1805 3882 1868 3928 ς,
1907 3865 2077 3916 altera
2114 3880 2178 3925 ςν
2202 3862 2262 3931 ΙΙ”
2247 3862 2494 3929 iniquum

363 3946 562 3998 saltum
590 3964 654 4009 ςν
679 3946 698 4016 ΙΙ
730 3950 790 3997 17
818 3944 1038 3998 inimico
1062 3958 1148 4008 Νς
1173 3947 1188 4017 ΙΙ
1222 3951 1283 3999 18
1310 3947 1427 3999 eius
1453 3953 1509 3998 et
1536 3942 1730 3996 uirtuti
1757 3960 1823 4004 ςν
1848 3942 1865 4011 11
1898 3944 1959 3993 19
1985 3948 2101 3993 tum
2124 3952 2235 4004 Νς,
2266 3955 2496 4007 cumque

364 4023 438 4094 νιι
466 4028 528 4076 21
559 4026 774 4093 exiguis
798 4041 829 4075 r
833 4016 873 4093 ss
899 4027 962 4075 23
990 4025 1336 4097 promptioris
1360 4024 1535 4076 multo
1560 4030 1591 4071 r
1616 4020 1633 4090 ΙΙ
1663 4023 1727 4071 25
1754 4018 1961 4072 umbris
2002 4036 2031 4070 r
2058 4018 2075 4087 ΙΙ
2101 4018 2330 4070 uolitare
2362 4020 2497 4069 Gro-

364 4104 586 4157 uom'us:
623 4103 855 4156 militare
879 4116 1012 4165 Νςν.
1019 4104 1036 4173 ΙΙ
1065 4106 1130 4155 26
1159 4102 1348 4171 uigore
1373 4119 1404 4153 r
1429 4101 1446 4170 11
1489 4099 1644 4152 illum
1683 4095 1996 4164 complexus
2038 4101 2120 4147 est
2157 4112 2187 4145 r
2213 4094 2230 4163 11
2259 4093 2498 4163 complu-

364 4182 498 4236 rime
523 4200 556 4233 r
581 4182 598 4252 [Ι
626 4184 690 4235 28
717 4180 937 4234 minime
963 4199 992 4232 r
1019 4182 1036 4250 Η
