3052 4823
1125 336 1187 379 T.
1226 336 1368 380 1.1v1
1401 335 1755 380 xi-xnn,
2436 318 2513 378 19

297 509 306 522 ‘
385 508 580 550 causa
609 508 724 548 rex
752 485 820 548 in
854 471 1080 548 urbem
1108 485 1516 568 reciperetur.
1563 487 1647 548 de
1678 506 1807 567 qua
1834 507 1902 548 re
1932 506 2081 548 cum
2111 487 2190 547 ad
2220 485 2515 567 frequen·

387 589 618 652 tiorem
659 596 959 650 senatum
1000 586 1218 650 referri
1259 586 1643 670 placuisset,
1690 586 1942 668 Appius
1994 585 2305 649 Claudius
2321 634 2341 662 ,
2404 585 2516 669 qui

386 698 646 772 propter
688 688 1133 751 ualetudinem
1163 689 1494 750 oculorum
1521 687 1654 751 iam
1683 687 1799 750 diu
1826 687 2113 752 consiliis
2142 687 2421 770 publicis
2451 709 2517 750 se

389 789 788 853 abstinuerat
802 838 822 866 ‚
869 789 1054 853 uenit
1083 789 1154 851 in
1184 789 1427 853 curiam
1457 798 1522 851 et
1568 789 1891 852 sententia
1934 777 2051 852 sua
2094 789 2306 852 tenuit
2346 798 2422 852 ut
2450 789 2519 852 id

325 905 354 953 5
388 891 634 975 Pyrrho
675 902 1039 974 negaretur.
1106 893 1228 955 Cn.
1281 890 1607 955 Domitius
1652 913 1876 954 censor
1916 891 2162 975 primus
2209 911 2291 954 ex
2330 891 2517 974 plebe

388 994 666 1056 lustrum
723 993 1034 1056 condidit.
1113 1015 1305 1056 censa
1363 1003 1517 1056 sunt
1576 993 1823 1057 ciuium
1880 993 2096 1076 capita
2152 1013 2515 1058 chxxxvn
2556 1011 2599 1037 ’θ

389 1113 639 1158 ccxxu.
690 1093 926 1158 iterum
957 1096 1266 1158 aduersus
1298 1095 1621 1178 Pyrrhum
1652 1095 1850 1160 dubio
1880 1105 2122 1158 euentu
2150 1106 2515 1178 pugnatum

391 1207 509 1260 est.
557 1218 708 1258 cum
742 1195 1386 1280 Carthaginiensibus
1425 1207 1653 1280 quarto
1692 1197 1919 1260 foedus
1964 1206 2349 1260 renouatum
2390 1206 2509 1260 est.

387 1319 538 1360 cum
567 1300 645 1363 C.
682 1295 1257 1362 Fabricio-consuli
1285 1297 1342 1360 is
1360 1346 1380 1374 ,
1415 1298 1531 1382 qui
1572 1301 1652 1361 ad
1694 1321 1845 1362 eum
1888 1321 1927 1361 a
1956 1299 2205 1382 Pyrrho
2236 1298 2514 1361 transfu-

293 1413 354 1461 10
383 1410 563 1483 gerat
583 1448 603 1476 ,
636 1399 1046 1482 polliceretur
1073 1421 1406 1462 uenenum
1436 1421 1504 1463 se
1535 1399 1673 1483 regi
1701 1401 2005 1464 (laturum
2023 1447 2042 1474 ‚
2082 1421 2231 1462 cum
2274 1399 2515 1462 indicio

389 1503 468 1563 ad
513 1523 729 1583 regem
781 1501 1088 1564 remissus
1133 1510 1250 1562 est.
1315 1521 1414 1562 res
1470 1510 1800 1583 praeterea
1844 1510 2067 1564 contra
2108 1502 2405 1564 Lucanos
2450 1511 2516 1564 et

389 1601 713 1678 Bruttios,
756 1601 1080 1665 Samnites
1110 1610 1175 1663 et
1205 1603 1507 1664 Etruscos
1538 1623 1836 1685 prospere
1866 1611 2079 1684 gestas
2111 1600 2420 1664 continet.
2652 1623 2705 1660 e..

1130 1837 1258 1898 EX
1304 1837 1478 1898 LIB.
1532 1836 1776 1897 XIIII.

388 2003 674 2088 Pyrrhus
703 2003 774 2066 in
821 2003 1110 2067 Siciliam
1150 2004 1421 2076 traiecit.
1453 2027 1637 2069 -cum
1676 2005 1846 2068 inter
1886 2003 2013 2068 alia
2054 2003 2349 2088 prodigia
2387 2004 2513 2067 ful-

288 2117 350 2166 15
381 2105 556 2170 mine
587 2105 910 2177 deiectum
939 2117 1105 2170 esset
1135 2107 1204 2171 in
1235 2106 1557 2191 Capitolio
1588 2107 1767 2170 Iouis
1805 2107 2101 2190 signum,
2149 2116 2345 2188 caput
2375 2105 2512 2170 eius

382 2227 494 2288 per
537 2207 906 2290 haruspices
947 2208 1292 2273 inuentum
1337 2221 1455 2272 est.
1518 2208 1757 2273 Curius
1802 2210 2128 2272 Dentatus
2175 2229 2326 2272 cum
2356 2207 2512 2270 ‹lile-

383 2317 562 2369 ctum
591 2308 874 2386 haberet,
910 2309 1047 2373 eius
1079 2310 1191 2393 qui
1214 2311 1448 2374 citatus
1473 2333 1607 2372 non
1629 2313 2042 2392 responderat
2069 2311 2240 2374 bona
2266 2308 2513 2392 primus

383 2408 715 2485 uendidit;
773 2411 933 2475 item
977 2413 1302 2496 Pyrrhum
1347 2434 1429 2475 ex
1469 2410 1695 2474 Sicilia
1737 2411 1809 2474 in
1863 2411 2125 2475 Italiam
2177 2434 2513 2477 reuersum

389 2510 550 2573 uicit
579 2522 644 2575 et
674 2512 869 2575 Italia
897 2514 1168 2596 expulit.
1188 2495 1564 2601 sFabricius
1594 2534 1818 2577 censor
1850 2516 1929 2578 P.
1968 2513 2342 2576 Cornelium
2373 2504 2608 2577 Ruf‘

284 2622 352 2673 20
379 2614 590 2675 finum
618 2614 1021 2678 consularem
1064 2625 1296 2679 senatu
1323 2602 1567 2691 mouit,
1616 2616 1789 2697 quod
1830 2614 1885 2677 is
1930 2636 1975 2677 x
2018 2614 2269 2697 argenti
2296 2617 2512 2698 pondo

382 2713 538 2777 facti
566 2714 885 2813 haberet.[
916 2718 1120 2781 lustro
1165 2740 1206 2780 a
1247 2717 1617 2781 censoribus
1661 2716 1921 2781 condito
1976 2738 2171 2779 censa
2211 2729 2365 2781 sunt
2407 2714 2604 2780 (παῖ’
2671 2796 2678 2803 ⁸

380 2815 520 2899 pita
549 2816 795 2880 ciuium
825 2839 1061 2883 chxx1
1087 2840 1445 2884 ccxxxnn.
1481 2842 1631 2883 cum
1657 2820 2029 2883 Ptolemaeo
2051 2818 2333 2903 Aegypti
2363 2841 2511 2903 rege

381 2917 649 2981 societas
680 2918 904 2983 iuncta
933 2930 1050 2985 est.
1101 2922 1375 2986 Sextilia
1413 2921 1599 3005 uirgo
1630 2920 1913 2986 Vestalis
1946 2922 2250 2984 damnata
2279 2920 2511 2983 incesti

381 3018 538 3081 uiua
567 3020 818 3085 defossa
847 3033 964 3086 est.
1015 3024 1304 3087 coloniae
1335 3025 1648 3086 deductae
1680 3032 1833 3085 sunt
1849 3021 2199 3085 Posidonia
2222 3031 2287 3083 et
2317 3022 2504 3084 Cosa.

280 3128 346 3179 25
379 3119 1016 3203 Carthaginiensium
1073 3124 1293 3188 classis
1353 3124 1597 3188 auxilio
1657 3122 2026 3186 Tarentinis
2085 3121 2268 3183 uenit
2284 3170 2305 3197 ‚
2384 3143 2511 3203 quo

379 3221 550 3283 facto
580 3223 660 3285 ab
691 3223 792 3287 his
821 3226 1046 3289 foedus
1077 3226 1395 3289 uiolatum
1425 3234 1545 3287 est.
1612 3246 1711 3288 res
1750 3234 2079 3308 praeterea
2118 3233 2341 3285 contra
2381 3224 2510 3285 Lu-

381 3342 572 3385 canos
603 3332 667 3385 et
690 3327 980 3389 Bruttios
1005 3337 1070 3389 et
1095 3325 1416 3391 Samnites
1439 3326 1711 3391 feliciter
1739 3336 1952 3410 gestas
1984 3336 2047 3388 et
2079 3322 2314 3408 Pyrrhi
2342 3323 2509 3406 regis

378 3433 650 3485 mortem
679 3426 988 3490 continet.

2544 3424 2614 3449 (J

382 3682 404 3731 1
437 3680 568 3733 dum
601 3682 692 3753 ΝΙΙ
731 3687 761 3735 3
796 3684 1215 3739 inualitudinem
1244 3705 1309 3749 ςν
1346 3688 1363 3759 ΙΙ
1402 3706 1435 3740 a
1469 3689 1709 3743 consiliis
1747 3708 1778 3742 r
1814 3690 1831 3759 ss
1868 3708 1925 3743 se
1961 3711 2043 3745 om
2080 3712 2111 3745 r
2148 3696 2165 3766 ΙΙ
2206 3701 2235 3749 5
2274 3696 2337 3749 P.
2378 3714 2409 3747 r
2434 3696 2452 3765 11
2478 3700 2509 3748 6

375 3778 661 3841 οοιΧΧζῙι
685 3788 740 3837 9,
770 3783 1064 3825 ccrxxxw
1103 3789 1166 3836 ς,
1209 3786 1556 3828 ccnxxxvm
1597 3794 1632 3838 ς
1657 3777 1674 3844 ΙΙ
1703 3780 1731 3827 7
1768 3790 2009 3831 cexxvn
2046 3798 2121 3849 93
2146 3780 2163 3851 ΙΙ
2192 3784 2222 3833 8
2259 3787 2510 3850 quartum

377 3862 414 3905 ς
437 3846 456 3912 ss
479 3861 608 3897 num
631 3845 844 3911 Nicias,
875 3849 1011 3918 qui?
1037 3848 1054 3917 ΙΙ
1086 3851 1148 3901 10
1173 3867 1231 3901 se
1254 3850 1373 3920 regi
1397 3868 1671 3903 uenenum
1696 3870 1727 3903 r
1753 3851 1769 3921 ΙΙ
1803 3855 1860 3903 11
1890 3862 2079 3907 contra
2115 3858 2376 3909 Etruscos
2401 3857 2510 3909 Lu-

373 3940 536 3977 canos
578 3932 634 3978 et
668 3925 890 3979 Brutios
925 3936 982 3980 et
1005 3927 1274 3984 Samnites
1299 3946 1553 3998 prospere
1590 3946 1621 3980 r
1646 3930 1663 3999 ΙΙ
1695 3934 1759 3982 16
1785 3930 2053 3985 dendatus
2087 3934 2177 4005 ΝΠ
2208 3936 2267 3985 17
2307 3933 2511 4003 primus

374 4015 459 4049 om
501 4016 533 4049 r
569 4000 587 4070 ΙΙ
634 4003 695 4053 18
733 4002 863 4055 item
901 4022 967 4065 ςι
996 4003 1194 4057 iterum
1217 4017 1300 4067 Νς
1326 4005 1344 4074 ΙΙ
1371 4005 1631 4075 pyrrhum
1670 4005 1867 4058 iterum
1894 4025 1961 4069 ςν
1987 4009 2004 4077 [Ι
2032 4012 2097 4061 20
2123 4009 2169 4062 is
2194 4026 2279 4061 om
2308 4026 2373 4070 ςν
2398 4010 2416 4079 ΙΙ
2444 4011 2509 4061 22

375 4085 635 4127 ecxxnu
673 4094 740 4139 ςν
764 4077 782 4146 ss
823 4080 888 4129 25
927 4078 1403 4148 carthaginensum
1429 4079 1625 4132 clausis
1650 4092 1699 4131 N
1720 4080 1739 4149 fl
1766 4083 2101 4137 mamertinis
2140 4103 2205 4147 ςν
2230 4083 2249 4154 ss
2276 4087 2339 4135 27
2366 4084 2510 4138 luca-

375 4168 474 4203 nos
513 4155 769 4207 samnites
794 4161 851 4208 et
873 4156 1107 4211 bruttios
1135 4176 1201 4220 ςν
1227 4160 1244 4229 ΙΙ
1269 4160 1412 4228 regis
1438 4177 1522 4211 om
1547 4176 1579 4209 r
1605 4158 1622 4226 [Ι

2098 4248 2182 4309 2*
