3052 4823
337 3131 350 3160 Ι

559 346 641 411 82
1433 364 1817 409 anocHAn

557 514 772 598 lippus
801 514 1054 597 legatus
1087 512 1304 596 Syllae
1349 513 1716 578 Sardiniam
1748 518 1831 583 Q.
1866 514 2154 579 Antonio
2184 526 2472 600 praetore
2502 518 2692 599 pulso

559 628 625 680 et
655 616 860 680 occiso
891 614 1254 698 occupauit.
1319 615 1501 699 Sylla
1533 639 1683 679 cum
1713 616 1961 681 Italicis
1992 617 2248 701 populis
2264 667 2284 694 ‚
2323 640 2405 680 ne
2437 619 2690 683 timere-

560 729 666 781 tur
695 719 776 781 ab
806 717 898 780 eis
942 717 1124 780 uelut
1153 726 1489 800 erepturus
1531 718 1865 782 ciuitatem
1905 728 1971 781 et
2014 720 2302 803 suffragii
2339 721 2441 783 ius
2485 744 2693 804 nuper

561 822 810 897 datum,
844 819 1068 882 foedus
1097 818 1432 901 percussit.
1480 820 1781 903 idemque
1813 843 1893 883 ex
1921 821 2164 885 fiducia
2191 822 2323 907 iam
2353 833 2560 886 certae
2591 824 2688 887 ui-

559 922 797 986 ctoriae
825 921 1214 1003 litigatores,
1263 942 1301 982 a
1330 920 1566 1004 quibus
1610 922 1907 985 adibatur
1924 970 1945 999 ‚
1992 922 2368 986 uadimonia
2410 926 2689 988 Romam
2724 938 2753 987 5

561 1023 803 1087 deferre
833 1022 1055 1097 iussit,
1111 1043 1259 1083 cum
1302 1044 1341 1084 a
1382 1034 1564 1105 parte
1606 1023 1862 1087 diuersa
1902 1025 2052 1087 urbs
2095 1024 2307 1087 adhuc
2337 1034 2682 1089 teneretur.

561 1128 638 1188 L.
675 1124 1110 1207 Damasippus
1140 1134 1395 1205 praetor
1423 1146 1504 1187 ex
1534 1126 1875 1189 uoluntate
1912 1127 1989 1189 C.
2027 1125 2197 1188 Mari
2228 1126 2509 1191 consulis
2540 1148 2693 1189 cum

560 1238 858 1290 senatum
889 1224 1336 1301 contraxisset,
1371 1247 1626 1289 omnem
1651 1226 1907 1309 quaein
1936 1228 2092 1289 urbe
2123 1238 2258 1291 erat
2286 1228 2693 1293 nobilitatem

561 1327 930 1391 trucidauit.
997 1348 1080 1389 ex
1137 1325 1320 1389 cuius
1378 1349 1648 1391 numero
1696 1330 1778 1396 Q.
1829 1329 2089 1393 Mucius
2136 1330 2447 1395 Scaeuola
2500 1342 2682 1415 pont.
2720 1400 2727 1407 ,

559 1452 744 1493 max.
765 1429 1022 1511 fugiens
1062 1428 1133 1491 in
1174 1428 1498 1493 uestibulo
1542 1429 1717 1492 aedis
1759 1432 1998 1496 Vestae
2043 1431 2289 1494 occisus
2334 1443 2452 1495 est.
2514 1456 2693 1517 prae-
2731 1446 2795 1495 10

564 1541 737 1594 terea
776 1530 1026 1593 bellum
1067 1553 1106 1595 a
1148 1532 1226 1593 L.
1277 1532 1553 1595 Murena
1594 1532 1903 1617 aduersus
1946 1532 2374 1597 Mithridaten
2419 1533 2491 1596 in
2531 1533 2691 1597 Asia

442 1634 506 1705 Is
561 1642 942 1696 renouatum
973 1632 1284 1695 continet.

1215 1868 1345 1930 EX
1389 1869 1565 1931 LIB.
1616 1867 2049 1931 LXXXVII.

563 2039 744 2123 Sylla
770 2040 848 2103 C.
879 2036 1187 2113 Marium,
1221 2036 1509 2099 exercitu
1541 2036 1689 2099 eius
1711 2037 1855 2100 fuso
1884 2036 2222 2119 deletoque
2254 2037 2335 2099 ad
2368 2036 2690 2120 Sacripor-

562 2151 745 2217 tum,
789 2141 860 2203 in
907 2139 1143 2223 oppido
1175 2140 1523 2201 Praeneste
1556 2137 1805 2200 obsedit
1824 2186 1843 2213 ,
1890 2140 2117 2202 urbem
2148 2141 2427 2201 Romam
2458 2159 2539 2200 ex
2567 2138 2689 2201 ini-
2726 2152 2790 2201 15

561 2242 875 2305 micorum
903 2241 1204 2304 manibus
1234 2239 1494 2322 recepit.
1556 2239 1841 2302 Marium
1886 2261 2218 2322 erumpere
2265 2247 2693 2321 temptantem

562 2343 867 2427 reppulit.
916 2353 1244 2427 praeterea
1271 2363 1372 2404 res
1404 2363 1442 2403 a
1471 2341 1703 2440 legatis
1734 2341 1870 2405 eius
1902 2344 2123 2405 eadem
2166 2340 2403 2425 ubique
2433 2341 2693 2404 fortuna

433 2465 463 2515 k
562 2447 844 2530 partium
874 2457 1088 2530 gestas
1119 2444 1429 2509 continet.

1145 2655 1150 2660 ’
1185 2679 1314 2741 EX
1358 2679 1535 2741 LIB.
1589 2679 2066 2742 LXXXVIII.

567 2847 748 2931 Sylla
778 2848 1137 2911 Carbonem
1167 2867 1316 2908 cum
1368 2873 1436 2923 ιε,
1487 2845 1773 2909 exercitu
1818 2848 1899 2910 ad
1943 2847 2275 2923 Clusium,
2319 2849 2401 2910 ad
2442 2848 2695 2910 Fauen·
2726 2858 2793 2908 2ο

568 2949 727 3011 tiam
757 2947 1250 3029 Fidentiamque
1281 2968 1500 3021 caeso,
1538 2948 1733 3010 Italia
1762 2923 2045 3030 expulit,
2082 2971 2229 3012 cum
2263 2948 2687 3024 SamnitibuS,

499 3050 678 3154 ...⁴qu
709 3049 829 3113 soli
858 3071 939 3111 ex
970 3048 1217 3112 Italicis
1247 3048 1504 3131 populis
1535 3051 1828 3112 nondum
1859 3071 2036 3112 arma
2076 3039 2484 3150 posuerant}
2508 3049 2695 3112 iuxta

499 3129 793 3215 *urbem
823 3153 1102 3214 Romam
1133 3159 1283 3212 ante
1313 3161 1566 3233 portam
1597 3151 1921 3216 Collinam
1940 3149 2337 3226 debellauit,
2382 3149 2691 3233 recipera-

567 3264 760 3337 taque
783 3275 850 3315 re
872 3252 1132 3335 publica
1154 3251 1652 3333 pulcherrimam
1674 3252 2008 3316 uictoriam
2024 3251 2425 3326 crudelitate,
2452 3261 2697 3333 quanta

565 3355 634 3416 in
677 3353 861 3415 nullo
903 3353 1244 3414 hominum
1283 3353 1444 3429 fuit,
1494 3353 1888 3435 inquinauit.
1915 3343 2083 3418 ἦῆ
2130 3352 2579 3415 dediticiorum
2623 3351 2695 3413 in
2725 3363 2793 3414 25

567 3455 727 3518 uilla
753 3452 1016 3536 publica
1045 3453 1429 3530 trucidauit,
1466 3456 1757 3519 tabulam
1786 3453 2265 3539 proscriptionis
2294 3453 2550 3536 posuit,
2584 3476 2689 3516 ur-

565 3559 715 3621 bem
744 3577 818 3618 ac
849 3564 1049 3617 totam
1081 3553 1344 3617 Italiam
1372 3556 1675 3620 caedibus
1712 3557 2025 3640 repleuit,
2069 3555 2238 3618 inter
2280 3577 2440 3637 quas
2471 3576 2691 3632 omnes

569 3797 597 3846 3
627 3792 875 3846 ciuitates
899 3802 1018 3859 N93
1043 3789 1060 3859 ῃ
1089 3793 1118 3840 5
1146 3787 1546 3842 adhibebantur
1573 3808 1639 3851 37·
1664 3788 1681 3860 {j
1710 3793 1741 3842 6
1781 3789 1995 3842 differre
2032 3788 2282 3859 Siqonius
2308 3789 2327 3859 ΙΙ
2356 3792 2382 3840 7
2410 3783 2695 3854 Damasip-

567 3886 668 3939 pus
693 3866 1022 3920 Frobenius:
1065 3862 1386 3918 damasicius
1407 3875 1518 3928 N3,
1564 3865 1863 3918 damascius
1904 3884 1970 3928 3r
1996 3867 2013 3935 ss
2040 3868 2071 3916 9
2098 3865 2251 3918 cuius
2278 3864 2499 3934 quidem
2524 3877 2555 3912 r
2580 3859 2598 3928 ΙΙ
2630 3862 2691 3909 17

565 3947 840 3999 fortunam
864 3955 948 4005 N3
973 3943 989 4013 ΙΙ
1022 3945 1083 3994 18
1110 3949 1262 4012 gesta
1284 3952 1368 4003 Νς
1393 3941 1410 4011 ΙΙ
1439 3945 1504 3994 20
1532 3960 1655 3995 cum
1682 3961 1764 3995 om
1792 3961 1858 4005 3r
1884 3943 1901 4013 ss
1928 3943 2171 3996 exercitu
2194 3941 2311 3995 eius
2339 3959 2421 4005 3r,
2453 3936 2695 3991 exercitu

566 4025 683 4078 eius
720 4025 843 4077 fuso
883 4041 918 4085 3
955 4021 974 4091 11
1011 4023 1075 4073 22
1116 4020 1217 4073 soli
1255 4019 1572 4072 Italicorum
1608 4019 1935 4090 populorum
1970 4040 2001 4074 r
2036 4021 2054 4091 ,Ι
2082 4023 2145 4073 23
2184 4037 2462 4074 romanam
2490 4034 2555 4080 3r
2580 4017 2598 4084 Η
2626 4018 2691 4066 25

563 4102 717 4155 nullo
741 4101 962 4154 homine
986 4117 1242 4169 umquam
1267 4116 1298 4150 r
1323 4100 1340 4170 ΙΙ
1368 4098 1676 4152 deditorum
1702 4117 1769 4162 3r
1792 4100 1811 4171 ΙΙ
1839 4103 1904 4153 26
1932 4101 2069 4154 uiar
2094 4101 2111 4170 ss
2137 4098 2425 4170 proposuit
2436 4096 2691 4150 Draken-

568 4179 809 4232 borchius
836 4181 854 4250 ΙΙ
882 4183 944 4231 27
973 4184 1029 4230 et
1058 4178 1366 4230 uniuersam
1392 4195 1423 4230 r
1448 4178 1467 4248 ΙΙ
