3052 4823
577 341 660 402 48
1449 357 1834 401 PERIOCHAE

576 508 716 573 eius
759 507 1128 572 Ariarathes
1167 528 1441 590 regnum
1481 506 1727 590 accepit
1770 517 1836 569 et
1881 505 2231 569 amicitiam
2272 529 2422 569 cum
2460 509 2703 591 populo

577 613 876 674 Romano
904 632 1018 693 per
1045 611 1289 693 legatos
1319 608 1683 672 renouauit.
1754 629 1854 671 res
1882 617 2208 691 praeterea
2252 611 2561 674 aduersus
2594 610 2703 673 Li-

575 735 766 797 gures
795 722 860 774 et
891 713 1120 775 Corsos
1152 722 1215 774 et
1246 709 1593 773 Lusitanos
1623 710 1803 772 uario
1846 720 2091 773 euentu
2131 722 2345 792 gestas
2376 721 2442 774 et
2482 723 2699 775 motus

579 815 800 900 Syriae
845 827 1098 878 mortuo
1156 812 1513 888 Antioch0,
1573 811 1684 894 qui
1725 811 1937 874 filium
1980 813 2380 875 Antiochum
2429 835 2707 897 puerum

575 919 923 981 admodum
961 915 1306 996 reliquerat
1324 961 1344 989 ,
1392 911 1703 977 continet.
1766 913 1942 975 hunc
1986 913 2387 976 Antiochum
2426 937 2701 997 puerum
2734 929 2767 976 5

575 1043 724 1084 cum
754 1018 948 1102 Lysia
977 1027 1186 1079 tutore
1216 1015 1587 1078 Demetrius
1618 1015 1873 1078 Seleuci
1900 1015 2074 1078 filius
2091 1064 2113 1092 ‚
2158 1016 2271 1098 qui
2313 1018 2559 1080 Romae
2590 1018 2699 1079 ob-

575 1144 674 1185 ses
705 1121 936 1195 fuerat,
969 1120 1161 1194 clam,
1196 1117 1348 1200 quia
1376 1139 1508 1180 non
1540 1117 2007 1194 dimittebatur,
2044 1140 2082 1180 a
2100 1117 2700 1180 Roma*interemit

575 1235 640 1286 et
668 1223 804 1305 ipse
835 1222 905 1284 in
933 1242 1207 1303 regnum
1228 1229 1543 1301 receptuS.
1582 1221 1659 1282 L.
1687 1218 2003 1281 Aemilius
2029 1221 2297 1296 Paulus,
2332 1219 2445 1302 qui
2459 1222 2699 1283 Persen

573 1323 848 1399 uicerat,
879 1331 1193 1384 mortuus.
1229 1320 1412 1384 cuius
1443 1332 1626 1384 tanta
1656 1321 2049 1383 abstinentia
2077 1321 2203 1384 fuit
2221 1370 2241 1397 ,
2293 1334 2367 1384 ut
2384 1369 2403 1398 ,
2436 1343 2589 1384 cum
2618 1343 2702 1384 ex

574 1424 900 1507 Hispania
928 1434 994 1487 et
1024 1445 1104 1487 ex
1133 1423 1514 1486 Macedonia
1545 1423 1888 1486 immensas
1920 1445 2070 1505 opes
2100 1423 2446 1498 retulisset,
2480 1423 2596 1484 uix
2620 1445 2702 1486 ex
2737 1436 2807 1485 10

577 1527 876 1590 auctione
907 1526 1044 1609 eius
1074 1528 1402 1589 redactum
1443 1525 1529 1588 sit
1570 1527 1741 1588 unde
1771 1525 1957 1586 uxori
1998 1524 2135 1588 eius
2168 1527 2281 1587 (los
2313 1525 2689 1588 solueretur.

575 1629 960 1712 Pomptinae
989 1629 1258 1710 paludes
1289 1650 1327 1690 a
1357 1627 1655 1691 Cornelio
1685 1627 1972 1710 Cethego
2002 1648 2162 1702 cos.,
2196 1628 2303 1690 cui
2332 1649 2409 1690 ea
2436 1625 2696 1708 prouin-

575 1731 674 1793 cia
703 1740 1038 1806 euenerat,
1075 1729 1346 1792 siccatae
1391 1750 1667 1812 agerque
1698 1751 1779 1791 ex
1810 1728 1889 1792 iis
1919 1729 2149 1792 factuS.

1288 1964 1418 2025 EX
1462 1964 1639 2026 LIB.
1687 1965 1976 2029 XLVII.

575 2133 697 2196 Cn.
735 2129 1078 2193 Tremellio
1107 2153 1204 2214 pr.
1241 2133 1449 2194 multa
1485 2131 1657 2195 dicta
1702 2144 1834 2209 est,
1880 2133 2054 2215 quod
2091 2154 2242 2194 cum
2288 2123 2381 2194 M.
2416 2129 2695 2193 Aemilio
2731 2142 2797 2190 15
2892 2185 2899 2194 .

574 2232 820 2315 Lepido
850 2232 1153 2315 pontifice
1181 2234 1465 2296 maximo
1493 2233 1801 2298 iniuriose
1846 2235 2295 2309 contenderat,
2344 2255 2691 2302 ,sacrorum-

574 2357 697 2418 que
729 2356 923 2417 quam
950 2334 1448 2417 magistratuum
1476 2335 1579 2398 ius
1608 2337 1935 2420 potentius
1964 2335 2113 2398 fuit.
2174 2336 2283 2397 lex
2322 2337 2401 2398 de
2448 2335 2696 2398 ambitu

572 2438 728 2501 lata.
774 2439 1054 2500 lustrum
1085 2459 1123 2499 a
1151 2437 1519 2501 censoribus
1551 2439 1883 2502 conditum
1905 2451 2022 2501 est.
2060 2460 2250 2501 censa
2273 2449 2425 2501 sunt
2454 2437 2697 2501 ciuium

573 2540 788 2622 capita
816 2561 1150 2604 cccxxvrn
1181 2538 1428 2603 cccxvi.
1475 2540 1771 2623 princeps
1797 2550 2058 2603 senatus
2090 2549 2347 2603 sextum
2378 2539 2695 2603 Aemilius

573 2643 880 2723 Lepidus.
929 2642 1099 2704 inter
1129 2642 1531 2703 Ptolemaeos
1561 2644 1787 2703 fratres
1806 2689 1826 2718 ,
1863 2641 1976 2725 qui
2005 2640 2402 2703 dissidebant
2419 2690 2439 2717 ,
2472 2642 2695 2703 foedus
2728 2652 2795 2701 20

572 2742 774 2804 ictum
803 2751 880 2803 ut
911 2742 1072 2804 alter
1100 2742 1395 2823 Aegypto
1413 2790 1432 2817 ,
1469 2743 1630 2804 alter
1659 2742 1927 2825 Cyrenis
1957 2752 2273 2824 regnaret.
2324 2742 2695 2805 Ariarathes

572 2842 1018 2925 Cappadociae
1057 2864 1170 2903 rex
1216 2842 1484 2905 consilio
1528 2843 1818 2905 Demetri
1861 2844 2083 2927 Syriae
2128 2844 2295 2927 regis
2341 2855 2405 2907 et
2447 2843 2695 2906 uiribus

568 2944 795 3028 pulsus
825 2964 1022 3025 regno
1053 2966 1091 3005 a
1120 2953 1348 3006 senatu
1388 2943 1725 3007 restitutus
1772 2954 1890 3007 est.
1968 2944 2149 3007 missi
2194 2967 2229 3007 a
2272 2953 2538 3019 senatu,
2584 2942 2695 3025 qui

569 3047 739 3110 inter
768 3045 1185 3110 Masinissam
1214 3054 1282 3131 et
1307 3045 1874 3128 Carthaginienses
1907 3048 1985 3109 de
2016 3068 2169 3129 agro
2196 3046 2575 3108 iudicarent.
2612 3046 2688 3109 C.

571 3148 856 3211 Marcius
889 3170 1016 3210 cOS.
1054 3149 1360 3210 aduersus
1405 3147 1741 3210 Dalmatas
1782 3147 2065 3229 primum
2103 3170 2333 3230 parum
2372 3167 2691 3230 prospere,
2728 3156 2795 3205 25

568 3260 793 3332 postea
843 3248 1114 3329 feliciter
1163 3249 1484 3331 pugnauit
1497 3298 1517 3325 ,
1584 3272 1732 3312 cum
1784 3250 2017 3331 quibus
2072 3249 2243 3312 bello
2307 3246 2697 3331 confligendi

571 3488 593 3534 1
625 3482 831 3551 accepit
853 3498 1082 3551 regnum
1107 3502 1138 3535 r
1163 3484 1181 3553 11
1208 3488 1238 3536 2
1263 3501 1360 3553 per
1383 3484 1593 3554 legatos
1619 3501 1741 3537 cum
1776 3486 1979 3555 populo
2005 3486 2255 3539 Romano
2278 3503 2311 3537 r
2336 3485 2353 3555 11
2378 3486 2582 3555 liguras
2605 3494 2656 3536 N
2676 3483 2693 3551 11

566 3560 797 3629 Ligures
824 3558 1018 3612 Corsos
1064 3579 1095 3612 r
1120 3562 1138 3631 11
1167 3567 1197 3615 6
1232 3561 1370 3614 lusia
1391 3574 1443 3614 N
1464 3563 1480 3630 11
1507 3563 1739 3615 Romam
1766 3565 1922 3618 obses
1947 3566 2145 3617 missus
2181 3565 2357 3617 fuerat
2381 3582 2413 3616 r
2437 3565 2454 3633 11
2482 3569 2509 3615 7
2538 3563 2696 3618 mini-

566 3653 652 3689 me
675 3653 708 3687 r
731 3636 749 3704 11
776 3636 1010 3688 romanis
1039 3639 1104 3699 ςν
1128 3638 1146 3708 11
1174 3638 1386 3707 elapsus
1401 3640 1509 3691 add
1538 3641 1840 3693 Gronouius
1866 3642 1883 3710 11
1912 3644 1941 3693 8
1968 3641 2245 3693 Aemilius·
2261 3640 2464 3693 Paulus
2484 3670 2537 3679 —
2557 3657 2698 3691 mor-

565 3724 693 3768 tuus
717 3714 1049 3768 Frobenius:
1087 3716 1300 3770 aemilio
1327 3717 1488 3787 paulo
1513 3748 1581 3756 -
1605 3726 1821 3770 mortuo
1852 3731 1966 3781 Νςν
2004 3719 2022 3787 11
2062 3736 2309 3788 perseum
2349 3736 2414 3780 ςν
2438 3717 2457 3787 11
2484 3721 2515 3769 9
2540 3724 2693 3769 tanta

566 3792 681 3845 eius
709 3811 743 3855 ς
767 3792 786 3862 11
813 3808 880 3845 ex
921 3810 1004 3844 om
1040 3810 1073 3844 r
1099 3794 1116 3864 11
1147 3797 1208 3845 10
1233 3793 1494 3845 maximas
1519 3809 1551 3843 r
1575 3794 1593 3865 11
1626 3796 1681 3855 11
1710 3794 1979 3847 bonorum
2005 3796 2120 3850 eius
2169 3812 2200 3846 r
2238 3797 2257 3865 11
2293 3802 2377 3855 est
2411 3794 2557 3847 unde
2597 3794 2695 3855 dos

565 3870 724 3921 uxori
751 3869 867 3921 eius
890 3868 1206 3923 redderetur
1227 3888 1258 3921 r
1283 3870 1300 3940 11
1328 3870 1573 3923 tremelio
1596 3887 1667 3938 qr
1692 3871 1708 3941 11
1741 3874 1803 3922 16
1840 3879 1909 3922 tr.
1937 3870 2013 3939 pl.
2038 3888 2108 3939 yr
2133 3872 2150 3941 11
2178 3888 2451 3923 sacrorum
2477 3886 2692 3939 quoque

564 3948 980 4017 magistratuum
1019 3966 1100 4012 ςν,
1148 3965 1529 4018 sacrorumque
1564 3948 1979 4017 magistratuum
2014 3967 2057 4011 -ς
2080 3950 2098 4017 11
2130 3954 2193 4001 19
2220 3943 2523 4002 dccxxvnl
2548 3948 2699 4000 milia

567 4043 602 4088 ς
627 4028 643 4095 11
671 4038 921 4079 CCCXIIII
949 4042 1000 4089 ς,
1031 4038 1272 4079 cccxxn
1293 4044 1331 4095 y
1357 4026 1375 4095 11
1401 4026 1651 4096 princeps
1678 4032 1897 4078 senatus
1938 4032 2153 4078 sextum
2178 4026 2399 4095 scripsi.-
2448 4025 2697 4095 princeps

563 4118 658 4177 sex
682 4115 765 4164 Νς
790 4102 808 4170 11
835 4104 895 4154 21
926 4102 984 4154 in
1009 4102 1263 4173 Aegypto
1289 4120 1336 4168 r,
1366 4104 1606 4175 Aegypti
1643 4103 1945 4156 Gronouius
1971 4103 1989 4173 11
2016 4108 2081 4157 22
2121 4104 2266 4174 regis
2308 4103 2492 4174 Syriae
2526 4120 2559 4154 r
2581 4106 2603 4172 11
2630 4106 2695 4154 23

563 4178 732 4245 legati
755 4178 849 4245 qui
872 4196 904 4230 r
927 4177 946 4247 11
973 4180 1038 4229 25
1064 4177 1351 4232 aduersum
1379 4197 1410 4231 r
1434 4182 1452 4249 11
1478 4197 1668 4249 parum
1692 4198 1947 4250 prospere
1971 4181 2205 4249 primum
2232 4198 2265 4232 r
2290 4181 2307 4250 11
