3052 4823
897 429 906 436 -
1062 349 1535 410 PRODIGIORVM
1568 366 1792 408 LIBER.
2062 399 2073 407 .
2267 399 2274 406 .
2326 422 2329 424 v
2363 345 2482 404 127

1003 443 1009 448 '
1672 461 1677 468 ·
2351 442 2385 472 θ

358 527 422 581 et
438 517 736 600 -uirgines
768 519 936 579 dona
967 516 1182 579 Cereri
1215 526 1279 578 et
1311 515 1729 597 Proserpinae
1763 507 2073 576 tulerunt.
2134 533 2247 594 per
2289 511 2484 594 uirgi-

357 641 470 682 nes
503 618 740 702 uiginti
769 627 1016 700 septem
1046 618 1453 686 cantitatum.
1505 616 1693 700 signa
1722 635 2055 697 cupressea
2088 615 2213 676 duo
2245 615 2487 689 Iunoni

304 784 310 792 ,
358 720 649 802 Reginae
665 705 894 802 posita.
932 718 1003 780 in
1027 719 1369 782 Lusitania
1391 739 1740 800 prosperea
1756 714 2071 780 Romanis
2095 724 2480 798 pugnatum.

361 890 442 954 Q.
481 889 747 951 Metello
779 890 856 949 T.
895 887 1089 949 Didio
1120 909 1280 950 coss,
1331 888 1590 950 bubone
1632 885 1703 947 in
1750 883 2071 967 Capitolio
2117 905 2311 967 supra
2339 886 2486 946 deo·
2555 891 2631 945 47

305 1000 334 1049 5
367 1011 510 1051 rum
544 990 882 1052 simulacra
913 989 1054 1050 uiso
1085 1010 1234 1050 cum
1264 986 1573 1071 piaretur,
1608 997 1831 1049 taurus
1860 985 2127 1070 uictima
2170 984 2485 1068 exanimis
2524 971 2572 1054 [¹
2594 971 2700 1054 Ο7]

361 1091 662 1153 concidit.
712 1093 984 1154 fulmine
1013 1091 1315 1174 pleraque
1361 1091 1651 1151 decussa.
1700 1088 1923 1149 hastae
1955 1086 2185 1148 Martis
2214 1086 2284 1148 in
2314 1086 2491 1169 regia

359 1201 591 1254 motae.
643 1191 812 1254 lu'dis
845 1192 914 1253 in
945 1193 1199 1254 theatro
1227 1201 1398 1252 creta
1428 1189 1703 1252 candida
1732 1188 1935 1270 pluit:
1984 1187 2201 1270 fruges
2235 1197 2299 1250 et
2332 1197 2487 1257 tem-

357 1301 636 1376 pestates
669 1293 994 1374 portendit
1023 1293 1247 1355 bonas.
1300 1313 1522 1353 sereno
1555 1289 1791 1353 tonuit.
1840 1290 2014 1370 apud
2038 1290 2261 1350 aedem
2291 1289 2488 1370 Apol·

355 1392 508 1456 linis
541 1394 918 1456 decemuiris
950 1391 1437 1454 immolantibus
1467 1400 1663 1470 caput
1694 1389 1988 1452 iocineris
2019 1412 2151 1452 non
2182 1390 2341 1466 fuit,
2391 1413 2489 1452 sa·-

261 1507 328 1556 10
359 1493 795 1577 crificantibus
828 1493 1057 1576 anguis
1089 1492 1170 1553 ad
1201 1513 1378 1553 aram
1407 1491 1739 1552 inuentus·
1790 1490 1946 1552 item
1978 1492 2389 1573 androgynus
2421 1490 2491 1552 in

347 1615 533 1656 mare
565 1596 955 1675 deportatuS.
1021 1591 1088 1654 in
1133 1591 1298 1654 circo
1339 1592 1508 1654 inter
1555 1591 1690 1674 pila
1731 1591 2015 1653 militum
2053 1591 2223 1674 ignis
2280 1593 2482 1655 fusus.

361 1694 648 1776 Hispani
676 1693 968 1776 pluribus
997 1693 1256 1777 proeliis
1277 1693 1551 1764 deuicti.

362 1864 484 1925 Cn.
516 1861 817 1925 Cornelio
843 1862 1123 1926 Lentulo
1149 1864 1224 1925 P.
1257 1862 1510 1926 Licinio
1544 1885 1702 1926 coss.
1743 1861 2178 1946 supplicatum
2204 1861 2276 1947 in
2309 1863 2490 1938 urbe,
2555 1873 2633 1928 48

247 1995 252 2000 ·
359 1966 530 2046 quod
563 1965 971 2046 androgynus
1001 1963 1309 2027 inuentus
1341 1975 1406 2026 et
1435 1965 1506 2026 in
1536 1987 1710 2028 mare
1742 1967 2115 2046 deportatus
2148 1973 2304 2026 erat.
2380 1963 2487 2026 Pi·
2526 1952 2703 2036 [108]

265 2077 328 2125 15
360 2065 532 2127 sauri
564 2076 766 2128 terrae
796 2065 1086 2129 fremitus
1113 2067 1393 2129 auditus.
1442 2067 1613 2129 muri
1636 2066 1874 2149 pinnae
1906 2066 2044 2144 sine
2075 2057 2489 2128 terraemotu
2526 2117 2532 2122 .

362 2166 603 2248 passim
621 2167 916 2228 deiectae
949 2167 1172 2230 ciuiles
1218 2170 1599 2251 portendere
1645 2167 2014 2230 discordias.
2078 2167 2358 2230 Nursiae
2404 2167 2488 2230 si·
2523 2164 2530 2169 ’

360 2267 720 2329 mulacrum
753 2267 929 2330 Iouis
960 2268 1030 2329 in
1059 2278 1310 2350 partem
1341 2268 1667 2330 sinistram
1698 2255 2103 2330 conuersum.
2154 2253 2508 2351 cupressea·

363 2367 705 2430 simulacra
737 2367 1010 2431 Iunonis
1054 2368 1346 2449 Reginae
1377 2366 1591 2451 posita
1620 2390 1732 2451 per
1761 2367 2045 2450 uirgines
2078 2369 2317 2452 uiginti
2348 2392 2485 2455 sep-

365 2479 534 2544 tem,
593 2490 756 2551 quae
802 2470 1028 2531 urbem
1069 2471 1533 2532 lustrauerunt.
1606 2468 1913 2541 Celtiberi
1968 2470 2146 2532 Medi
2198 2472 2487 2534 Dardani

265 2581 332 2630 20
365 2570 635 2632 subacti.

366 2738 554 2801 Gneo
585 2738 872 2803 Domitio
905 2739 1062 2802 Caio
1093 2738 1316 2803 Cassio
1347 2762 1508 2803 coss.
1575 2740 1767 2821 lupus
1796 2742 2034 2824 {urbem
2064 2740 2389 2824 ingressus
2420 2740 2490 2802 in
2554 2750 2627 2803 49

363 2839 550 2903 domo
580 2841 838 2925 priuata
868 2841 1138 2905 occisus,
1186 2842 1359 2903 bubo
1404 2840 1472 2902 in
1518 2841 1838 2925 Capitolio
1884 2842 2150 2905 occisus.
2214 2840 2487 2903 fulmine
2523 2828 2699 2912 [109]

370 2944 672 3025 pleraque
703 2945 991 3004 decussa.
1057 2942 1243 3023 signa
1275 2952 1498 3003 aurata
1528 2942 1721 3004 Iouis.
1740 2965 1889 3005 cum
1918 2943 2127 3026 capite
2158 2944 2485 3005 columna-

365 3064 488 3124 que
518 3042 805 3104 disiecta.
857 3041 1146 3103 Faesulis
1173 3042 1488 3125 sanguine
1518 3052 1689 3104 terra
1716 3044 2029 3105 manauit.
2078 3042 2315 3105 Arretii
2344 3065 2483 3105 mu·

265 3154 331 3203 25
362 3142 504 3205 lieri
536 3164 568 3203 e
600 3162 756 3204 naso
777 3142 998 3231 ¹spicae
1027 3140 1212 3204 farris
1245 3152 1470 3217 natae,
1507 3144 1731 3205 eadem
1759 3144 1942 3205 farris
1972 3165 2174 3226 grana
2204 3143 2478 3207 uomuit.

366 3245 525 3305 urbe
556 3242 828 3305 lustrata
876 3242 1285 3305 Ptolemaeus
1315 3264 1429 3305 rex
1456 3243 1739 3326 Aegypti
1775 3244 2043 3327 Cyrenis
2072 3254 2362 3308 mortuus
2394 3266 2489 3307 se·

365 3353 593 3405 natum
622 3328 1062 3425 populumque
1093 3344 1466 3405 Romanum
1496 3344 1797 3418 heredem
1826 3345 2108 3427 reliquit.

366 3514 443 3574 L.
481 3513 709 3575 Crasso
756 3514 837 3578 Q.
878 3494 1190 3595 Scaeuola
1234 3536 1394 3578 coss·
1463 3515 1663 3577 Caere
1705 3514 1873 3577 lacte
1916 3513 2107 3597 pluit.
2168 3513 2487 3575 Lebadiae
2555 3527 2631 3581 50
2686 3546 2693 3553 ·

367 3613 759 3694 Eutychides
788 3611 859 3672 in
890 3614 1203 3694 templum
1237 3615 1414 3678 Iouis
1447 3614 1803 3698 Trophonii
1834 3616 2167 3697 degressus
2199 3614 2489 3677 tabulam
2524 3603 2701 3687 [110]

267 3722 332 3772 30
364 3734 630 3795 aeneam
659 3713 928 3788 extulit,
976 3714 1042 3774 in
1090 3736 1219 3802 qua
1248 3716 1484 3798 scripta
1514 3725 1695 3777 erant
1727 3737 1889 3797 quae
1921 3718 2003 3777 ad
2031 3736 2130 3775 res
2162 3715 2488 3775 Romanas

365 3940 394 3988 2
421 3938 666 4003 sortasse
700 3944 862 3991 cantu
897 3939 1188 3991 lustratum
1215 3939 1232 4009 ΙΙ
1260 3944 1290 3991 4
1330 3940 1392 3993 Τ.
1439 3941 1871 4011 Oudendorpius:
1920 3939 2098 3993 Tullio
2136 3957 2170 3990 a
2209 3939 2225 4007 ΙΙ
2265 3942 2293 3989 5
2334 3944 2492 3991 tauro

366 4013 719 4065 Burmannus
747 4014 763 4082 ΙΙ
815 4017 871 4065 11
919 4014 1139 4067 Circeiis
1178 4015 1396 4083 Lipsius
1436 4017 1582 4083 apud
1621 4015 2051 4084 Oudendorpium
2100 4016 2171 4067 ad
2210 4014 2425 4067 Lucani
2446 4026 2487 4077 1,

364 4090 464 4140 404
493 4088 510 4157 ss
537 4088 772 4141 militum
821 4090 1172 4159 deleuerim.‘ll
1200 4095 1265 4143 23
1281 4096 1418 4159 puto
1455 4098 1636 4145 statua
1661 4094 1678 4163 ss
1708 4097 1773 4145 28
1797 4095 1865 4145 L.
1903 4092 2145 4161 scripsi.-
2191 4091 2254 4143 P.
2297 4110 2331 4144 a
2370 4092 2387 4161 [Ι
2427 4095 2491 4145 29

367 4164 651 4235 degressus
684 4167 1084 4236 Oudendorpius
1101 4188 1118 4217 :
1159 4167 1433 4236 digressus
1458 4186 1492 4220 a
1518 4168 1537 4238 ΙΙ

2424 443 2726 550 Χ,
