3052 4823
593 319 680 379 46
1469 337 1853 383 ΡΕΒῙοοΗΑΕ

593 484 892 550 contione
920 495 1216 568 precatus
1231 534 1254 563 ,
1301 496 1378 550 ut
1415 485 1729 570 quidquid
1758 486 1881 550 diri
1908 487 2149 570 populo
2180 488 2477 552 Romano
2506 488 2726 554 immi-

593 598 776 650 neret
817 586 892 649 in
935 608 1123 651 suam
1166 591 1433 652 domum
1475 598 1988 665 conuerteretur,
2050 598 2115 652 et
2156 588 2228 651 in
2270 590 2729 654 Macedoniam

591 689 912 772 profectus
943 689 1104 753 uicit
1134 692 1377 755 Persen
1407 698 1747 771 totamque·
1760 690 2209 754 Macedoniam
2236 691 2305 753 in
2334 701 2729 775 potestatem

593 779 888 874 redegitj
927 802 1276 874 antequam
1325 791 1697 875 confligeret
1714 840 1736 868 ‚
1782 819 1817 852 ι
1839 842 1848 851 .
1867 791 2189 875 praedixit
2233 791 2581 868 exercitui,
2638 815 2729 856 ne

593 889 956 968 miraretur,
990 895 1164 974 quod
1191 893 1351 954 luna
1389 901 1577 955 nocte
1618 892 1913 976 proxima
1953 893 2281 956 defectura
2322 903 2481 956 erat.
2544 894 2725 957 Gen·
2761 909 2796 957 5

593 995 723 1058 tius
767 1015 1020 1076 quoque
1061 1015 1174 1056 rex
1203 992 1613 1075 Illyricorum
1658 1015 1808 1056 cum
1835 994 2242 1069 rebellasset,
2304 1015 2343 1056 a
2372 996 2451 1058 L.
2484 995 2725 1060 Anicio

591 1106 881 1180 praetore
911 1095 1124 1158 uictus
1155 1094 1340 1157 uenit
1368 1095 1440 1157 in
1484 1095 1880 1159 deditionem
1926 1107 1990 1159 et
2020 1117 2171 1159 cum
2200 1116 2397 1157 uxore
2442 1117 2514 1158 ac
2556 1097 2717 1160 libe-

591 1199 677 1261 ris
709 1206 772 1259 et
801 1195 1178 1280 propinquis
1209 1197 1490 1258 Romam
1528 1196 1765 1260 missus
1796 1207 1917 1260 est.
1989 1195 2188 1279 legati
2215 1196 2645 1260 Alexandrini
2674 1221 2714 1262 a

593 1299 936 1381 Cleopatra
964 1307 1030 1360 et
1062 1298 1430 1361 Ptolemaeo
1459 1297 1718 1380 regibus
1749 1308 2073 1361 uenerunt
2102 1307 2439 1378 querentes
2470 1300 2550 1361 de
2577 1301 2715 1362 An-

593 1400 808 1464 tiocho
836 1420 984 1482 rege
1017 1397 1238 1480 Syriae
1256 1445 1280 1474 ‚
1325 1400 1495 1480 quod
1525 1398 1580 1462 is
1608 1400 1856 1462 bellum
1898 1398 2183 1461 inferret.
2242 1399 2517 1462 Perseus
2548 1400 2722 1463 solli-
2760 1414 2828 1464 10

591 1501 806 1565 citatis
835 1500 906 1562 in
949 1499 1269 1564 auxilium
1310 1501 1602 1563 Eumene
1644 1521 1794 1583 rege
1839 1499 2143 1582 Pergami
2182 1509 2247 1562 et
2288 1499 2529 1564 Gentio
2570 1523 2721 1584 rege

591 1603 1000 1687 Illyricorum
1015 1649 1034 1676 ,
1069 1601 1221 1684 quia
1249 1600 1304 1664 is
1331 1601 1675 1684 pecuniam
1704 1623 1899 1684 quam
1926 1599 2304 1684 promiserat
2331 1622 2465 1664 non
2494 1603 2710 1680 dabat,

588 1704 850 1767 relictus
881 1704 964 1766 ab
991 1702 1093 1766 his
1125 1713 1243 1766 est.

1294 1935 1421 1998 EX
1465 1936 1643 1999 LIB.
1693 1937 1907 2000 XLV.

592 2109 866 2171 Perseus
897 2106 976 2168 ab
1005 2103 1286 2168 Aemilio
1319 2103 1528 2168 Paulo
1571 2103 1643 2166 in
1687 2105 2103 2192 Samothrace
2132 2117 2359 2188 captus
2391 2115 2510 2169 est.
2568 2126 2717 2167 cum
2748 2117 2815 2165 15

589 2207 953 2272 Antiochus
986 2205 1208 2290 Syriae
1236 2227 1352 2268 rex
1382 2205 1830 2268 Ptolemaeum
1873 2217 1940 2271 et
1979 2208 2389 2290 Cleopatram
2430 2199 2715 2290 Aegypti

591 2330 771 2392 reges
817 2307 1135 2372 obsideret
1189 2317 1254 2370 et
1294 2305 1508 2370 missis
1540 2308 1623 2369 ad
1652 2329 1802 2371 eum
1832 2331 1871 2370 a
1900 2311 2130 2372 senatu
2159 2309 2389 2393 legatis
2406 2357 2427 2385 ,
2476 2309 2589 2392 qui
2616 2309 2713 2372 iu·

589 2410 813 2474 berent
843 2409 922 2473 ab
955 2408 1284 2475 obsidione
1315 2408 1472 2473 socii
1493 2408 1663 2492 regis
1696 2409 2063 2488 absisteret,
2101 2411 2417 2494 editisque
2448 2411 2711 2475 manda-

591 2514 676 2577 tis
723 2512 1276 2598 consideraturum
1316 2534 1384 2575 se
1429 2512 1589 2595 quid
1626 2511 1995 2575 faciendum
2035 2522 2201 2574 esset
2252 2512 2706 2595 respondisset,

590 2637 761 2677 unus
788 2636 875 2676 ex
900 2612 1130 2695 legatis
1162 2613 1454 2695 Popilius
1485 2612 1673 2694 uirga
1700 2633 1916 2694 regem
1960 2611 2455 2697 circumscripsit
2498 2612 2713 2676 iussit·
2744 2624 2815 2673 20

591 2736 748 2797 que,
807 2722 957 2776 ante
1002 2734 1196 2794 quam
1235 2713 1474 2775 circulo
1517 2714 1851 2775 excederet
1902 2734 2281 2795 responsum
2321 2716 2523 2777 daret.
2589 2736 2717 2796 qua

590 2814 932 2897 asperitate
975 2813 1184 2875 effecit
1228 2823 1305 2875 ut
1347 2813 1711 2875 Antiochus
1753 2812 1999 2875 bellum
2042 2813 2387 2878 omitteret.
2447 2815 2713 2897 legatio-

590 2936 705 2978 nes
734 2914 1204 2997 gratulantium
1231 2915 1618 2999 populorum
1648 2915 1856 2996 adque
1884 2935 2114 2997 regum
2136 2915 2207 2977 in
2230 2925 2459 2978 senatu
2482 2915 2717 2979 admis-

591 3038 700 3081 sae
715 3065 735 3094 ,
785 3016 1190 3079 Rhodiorum
1208 3064 1228 3093 ‚
1274 3016 1386 3099 qui
1416 3038 1491 3078 eo
1518 3015 1691 3079 bello
1735 3025 1961 3078 contra
2000 3017 2315 3097 populum
2345 3018 2721 3079 Romanum

589 3148 624 3181 a»
676 3118 1008 3194 fauerant,
1053 3119 1338 3205 exclusa.
1401 3126 1656 3200 postera
1696 3116 1803 3179 die
1848 3139 1997 3179 cum
2041 3119 2123 3180 de
2177 3138 2253 3181 eo
2312 3128 2719 3200 quaereretur
2748 3128 2817 3178 25

591 3230 668 3281 ut
711 3219 802 3282 eis
830 3220 1076 3282 bellum
1105 3220 1496 3284 indiceretur
1512 3265 1533 3293 ,
1577 3239 1839 3281 causam
1881 3217 1951 3280 in
1996 3229 2229 3281 senatu
2268 3218 2515 3300 patriae
2558 3240 2715 3281 suae

595 3507 618 3555 1
648 3510 896 3573 precatus
921 3509 1005 3556 est
1028 3510 1091 3555 ut
1113 3521 1145 3556 r
1169 3502 1188 3573 ῙΙ
1215 3502 1457 3572 quitquit
1478 3503 1569 3573 ΝΠ
1597 3506 1629 3555 2
1655 3521 1819 3572 supra
1858 3503 2080 3556 domum
2114 3520 2268 3555 suam
2303 3520 2335 3555 r
2360 3501 2377 3572 ΙΙ
2404 3504 2434 3554 3
2459 3502 2719 3555 Perseum

591 3580 725 3633 uicit
747 3579 1165 3650 uniuersamque
1189 3597 1220 3631 r
1245 3582 1262 3651 ΙΙ
1289 3585 1320 3632 4
1347 3581 1663 3651 confligeret
1688 3580 1749 3634 C.
1780 3581 2055 3651 Sulpicius
2080 3580 2271 3634 Gallus
2295 3580 2549 3634 tribunus
2570 3579 2713 3631 mili-
2785 3636 2792 3643 ,

587 3690 707 3735 tum
730 3681 1000 3751 praedixit
1025 3681 1488 3751 StymimeLiuio
1505 3686 1570 3734 37
1598 3682 1617 3753 ΙΙ
1645 3686 1675 3735 5
1701 3660 1805 3737 erit
1826 3696 1899 3747 N,
1950 3689 2093 3736 esset
2128 3700 2197 3745 ςν
2220 3682 2237 3752 Ι]
2264 3686 2296 3735 6
2334 3699 2367 3735 a
2402 3680 2591 3734 licinio
2628 3696 2711 3743 ςν,

589 3778 622 3813 a
645 3759 842 3811 lacinio
883 3776 921 3828 9
947 3759 966 3827 11
1005 3762 1034 3809 7
1072 3767 1127 3811 et
1161 3759 1346 3813 liberis
1383 3777 1450 3822 ςν
1475 3761 1492 3830 [l
1521 3762 1553 3812 8
1594 3767 1676 3813 est
1710 3778 1795 3813 om
1828 3773 1907 3814 Nr
1931 3762 1949 3831 ΙΙ
1975 3761 2044 3813 ab
2078 3759 2393 3813 alexandria
2431 3759 2599 3829 legati
2634 3776 2718 3823 gr,

588 3855 652 3890 ex
695 3836 1007 3890 alexandria
1041 3836 1209 3905 legati
1247 3854 1282 3899 ς
1305 3838 1324 3907 ΙΙ
1350 3839 1381 3888 9
1418 3845 1741 3905 quaerentes
1776 3850 1828 3890 N
1849 3839 1867 3908 ss
1898 3841 1959 3891 10
1993 3854 2247 3908 persaeus
2279 3848 2327 3889 Ν
2350 3838 2369 3907 ΙΙ
2401 3839 2462 3889 12
2499 3835 2723 3888 minime

589 3911 755 3965 dabat
777 3911 845 3963 ab
869 3911 938 3965 iis
961 3911 1183 3965 relictus
1207 3919 1290 3965 est
1313 3929 1344 3963 r
1368 3912 1387 3982 ΙΙ
1419 3915 1479 3963 15
1509 3912 1882 3965 Samothracia
1905 3930 1937 3965 r
1962 3916 1979 3982 11
2012 3915 2073 3963 18
2099 3910 2232 3964 socii
2266 3928 2298 3963 r
2313 3932 2331 3962 .-
2359 3912 2476 3964 solo
2498 3923 2582 3973 Νς
2608 3914 2625 3980 ΙΙ
2656 3912 2719 3962 19

587 4008 645 4045 se
670 3991 762 4044 ille
787 3991 920 4060 quid
943 4008 975 4043 r
999 3992 1018 4062 ΙΙ
1044 3990 1359 4044 faciundum
1384 4008 1415 4042 r
1441 3992 1458 4060 ΙΙ
1485 3994 1553 4043 20
1580 4008 1721 4043 unus
1744 3990 2049 4060 legatorum
2074 4007 2106 4042 r
2132 3990 2149 4059 ΙΙ
2176 3993 2241 4043 22
2266 3988 2432 4042 efficit
2455 4000 2507 4042 N
2526 3990 2543 4059 ss
2570 3992 2635 4042 23
2655 4005 2719 4041 ac

585 4084 620 4118 r
643 4068 661 4135 Η
688 4074 934 4207 senarum
959 4084 992 4119 r
1015 4068 1033 4137 ΙΙ
1060 4071 1127 4120 24
1153 4067 1281 4137 quia
1307 4084 1374 4129 ςν·
1399 4069 1416 4137 Ι]
1444 4070 1508 4119 25
1535 4067 1751 4120 fuerant
1786 4084 1869 4127 ςν.
1894 4067 2142 4132 sortasse
2166 4065 2285 4135 regi
2307 4065 2559 4119 fanen-ant
2583 4067 2599 4135 fl
2626 4082 2721 4135 po-

587 4152 730 4192 stero
756 4158 787 4191 r
813 4146 820 4208 Ι
