3052 4823
1080 325 1142 381 tr.
1181 325 1324 368 1.1v1
1356 325 1785 388 CXVII—cxx.
2391 309 2505 370 101

375 481 658 542 Brutum
689 475 987 540 Mutinae
1019 475 1267 538 obsedit
1283 523 1304 551 ,
1357 475 1664 558 missique
1697 477 1778 539 ad
1808 498 1959 538 eum
1989 498 2027 538 a
2058 485 2286 539 senatu
2312 476 2515 560 legati

373 582 453 644 de
483 603 640 664 pace
669 600 902 662 parum
947 581 1030 642 ad
1070 578 1561 660 conponendam
1609 599 1751 641 eam
1793 578 2163 641 ualuerunt.
2234 577 2513 660 populus

376 683 712 746 Romanus
745 703 897 764 saga
927 679 1225 764 sumpsit.
1277 681 1372 742 M.
1413 682 1655 742 Brutus
1702 679 1773 742 in
1804 679 2001 764 Epiro
2032 680 2108 743 C.
2145 677 2514 742 Antonium

371 793 730 866 praetorem
761 805 910 846 cum
941 780 1226 846 exercitu
1255 781 1564 865 potestati
1595 803 1748 845 suae
1780 781 2072 844 subiecit.

316 1030 346 1078 5
1056 1017 1186 1081 EX
1231 1017 1408 1079 LIB.
1461 1016 1831 1081 CXVIIII.

378 1185 454 1248 C.
493 1184 853 1248 Trebonius
899 1184 968 1248 in
1010 1186 1170 1250 Asia
1199 1186 1423 1249 fraude
1456 1188 1536 1250 P.
1573 1186 1952 1249 Dolabellae
1982 1185 2227 1250 occisus
2260 1197 2380 1268 est.
2432 1188 2511 1250 ob

376 1286 445 1349 id
496 1286 746 1351 facinus
788 1284 1130 1351 Dolabella
1176 1289 1379 1352 hostis
1421 1311 1459 1350 a
1506 1298 1739 1350 senatu
1789 1287 2112 1350 iudicatus
2166 1297 2284 1351 est.
2365 1288 2513 1351 cum

380 1391 598 1452 Pansa
628 1411 756 1453 COS.
794 1390 961 1452 male
993 1391 1298 1470 aduersus
1327 1389 1691 1452 Antonium
1720 1399 2093 1474 pugnasset,
2128 1390 2210 1451 A.
2248 1389 2511 1452 Hirtius

379 1513 508 1554 coe.
547 1513 696 1554 cum
726 1491 1012 1554 exercitu
1045 1489 1506 1574 superueniens
1546 1491 1707 1555 fusis
1740 1493 1837 1554 M.
1871 1491 2123 1554 Antoni
2154 1491 2353 1572 copiis
2384 1491 2509 1553 for-

285 1606 347 1655 10
378 1602 608 1657 tunam
638 1593 976 1677 utriusque
1005 1593 1206 1678 partis
1254 1593 1579 1678 aequauit.
1630 1593 1843 1656 uictus
1890 1593 2122 1656 deinde
2165 1593 2244 1654 ab
2290 1591 2513 1655 Hirtio

381 1707 446 1758 et
477 1697 748 1760 Caesare
778 1695 1106 1759 Antonius
1136 1695 1208 1757 in
1254 1696 1542 1759 Galliam
1586 1696 1877 1780 confugit
1933 1705 1999 1757 et
2046 1695 2141 1776 Μ.
2188 1693 2514 1776 ‘Lepidum

382 1819 530 1861 cum
558 1797 920 1881 legionibus
952 1819 1115 1881 quae
1146 1800 1266 1861 sub
1297 1820 1372 1860 eo
1405 1809 1587 1862 erant
1632 1798 1755 1862 sibi
1797 1797 2046 1873 iunxit,
2096 1795 2429 1878 hostisque
2475 1817 2515 1856 a

381 1912 610 1963 senatu
641 1922 790 1963 cum
821 1899 1118 1963 omnibus
1139 1947 1159 1975 ‚
1197 1899 1309 1982 qui
1339 1899 1510 1963 intra
1539 1900 1859 1984 praesidia
1888 1899 2025 1962 eius
2058 1908 2273 1962 essent
2292 1945 2311 1974 ,
2344 1897 2512 1960 iudi-

382 2012 562 2064 catus
593 2012 711 2065 est.
753 2002 854 2079 ιΑ.
891 2001 1152 2065 Hirtius
1171 2050 1190 2077 ‚
1239 2001 1352 2084 qui
1380 2013 1528 2085 post
1559 2001 1895 2065 uictoriam
1924 2001 1995 2063 in
2038 1999 2195 2083 ipsis
2225 1999 2515 2064 hostium

286 2115 349 2165 15
381 2105 604 2168 castris
635 2103 980 2180 ceciderat,
1030 2114 1094 2166 et
1123 2105 1198 2168 C.
1239 2106 1454 2167 Pansa
1485 2126 1565 2166 ex
1594 2105 1899 2179 uulnere,
1949 2103 2119 2193 quod
2147 2102 2219 2163 in
2245 2103 2514 2164 aduerso

366 2205 624 2288 ,proelio
655 2216 989 2289 exceperat
1007 2255 1026 2282 ‚
1063 2207 1402 2269 defunctus
1433 2205 1502 2267 in
1536 2227 1762 2288 campo
1794 2204 2033 2268 Martio
2063 2202 2303 2286 sepulti
2332 2212 2507 2266 sunt.

383 2308 690 2372 aduersus
723 2309 798 2372 C.
836 2309 1178 2372 Caesarem
1195 2355 1216 2384 ‚
1265 2307 1376 2391 qui
1407 2308 1581 2370 solus
1614 2329 1694 2368 ex
1723 2306 1928 2368 tribus
1958 2305 2227 2368 ducibus
2258 2325 2514 2395 superef

383 2420 483 2472 rat
502 2456 519 2481 ‚
565 2432 794 2493 parum
837 2420 1059 2493 gratus
1101 2420 1362 2475 senatus
1406 2407 1531 2472 fuit
1548 2457 1569 2485 ,
1617 2407 1728 2492 qui
1757 2409 1916 2471 Dec.
1952 2409 2157 2470 Bruto
2188 2405 2515 2471 obsidione

385 2511 746 2576 Mutinensi
778 2535 816 2575 a
838 2513 1110 2576 Caesare
1153 2512 1421 2575 liberato
1467 2511 1781 2595 triumphi
1812 2510 2051 2573 honore
2082 2509 2333 2594 decreto
2356 2508 2515 2571 Cae-

286 2624 352 2674 20
383 2613 538 2677 saris
569 2614 976 2697 militumque
1007 2613 1144 2675 eius
1175 2614 1573 2677 mentionem
1611 2636 1743 2677 non
1775 2612 1929 2677 satis
1960 2621 2211 2695 gratam
2256 2608 2509 2672 habuit.

275 2794 282 2801 .
386 2717 465 2777 ob
499 2738 659 2799 quae
702 2715 779 2778 C.
829 2715 1064 2778 Caesar
1103 2715 1512 2779 reconciliata
1556 2738 1669 2799 per
1710 2717 1805 2778 M.
1857 2714 2180 2797 Lepidum
2222 2735 2372 2775 cum
2414 2714 2511 2777 M.
2623 2715 2629 2722 ’

386 2817 674 2881 Antonio
705 2816 912 2900 gratia
941 2819 1220 2880 Romam
1251 2840 1399 2880 cum
1430 2818 1716 2884 exercitu
1756 2816 1940 2880 u'enit
1971 2826 2035 2879 et
2067 2815 2377 2899 perculsis
2408 2816 2544 2877 ad--

387 2930 593 2982 uentu
637 2919 773 2981 eius
818 2918 908 2981 eis
951 2919 1062 3001 qui
1105 2920 1176 2981 in
1207 2941 1356 2983 eum
1385 2919 1596 3003 iniqui
1626 2928 1841 2995 erant,
1878 2940 2027 2980 cum
2058 2924 2260 2981 an'nos
2306 2936 2518 2980 XVIIII

387 3022 672 3097 haberet,
707 3021 934 3084 consul
956 3032 1206 3083 creatus
1237 3030 1354 3082 est.

291 3266 356 3315 25
741 3293 748 3299 -
981 3238 988 3243 '
1131 3256 1259 3319 Ex
1306 3256 1482 3320 LIB.
1535 3255 1755 3318 cxx.

391 3426 467 3487 C.
505 3425 740 3489 Caesar
767 3447 896 3489 cos.
932 3427 1142 3510 legem
1187 3426 1339 3489 tulit
1381 3428 1460 3489 de
1507 3425 1882 3508 quaestione
1926 3424 2223 3487 habenda
2270 3424 2340 3486 in
2386 3446 2515 3499 θοε,

387 3547 661 3614 quorum
691 3548 881 3609 opera
905 3528 1140 3590 Caesar
1161 3539 1342 3610 pater
1373 3528 1617 3593 occisus
1650 3524 1785 3593 esse
1808 3526 2244 3613 postulatique
2275 3548 2351 3589 ea
2378 3526 2519 3609 lege

397 3771 419 3820 1
450 3766 619 3835 legati
642 3784 675 3819 a
698 3770 889 3817 senatu
914 3783 946 3817 r
969 3765 988 3835 11
1016 3770 1046 3818 2
1073 3782 1189 3820 eam
1217 3769 1643 3838 componendam
1683 3787 1749 3831 ςν
1774 3769 1791 3839 ΙΙ
1819 3772 1849 3820 4
1884 3767 2103 3837 subegit
2142 3784 2208 3828 ςν
2232 3766 2250 3834 [l
2278 3770 2310 3819 6
2333 3766 2396 3818 Τ.
2424 3782 2456 3817 r
2479 3764 2500 3835 11

395 3844 699 3899 dolobellae
726 3860 792 3906 ςν
817 3842 835 3912 ss
864 3847 891 3894 7
918 3844 1092 3897 hostis
1119 3860 1202 3912 om
1227 3860 1259 3894 r
1283 3843 1300 3912 ΙΙ
1328 3843 1583 3896 inimicus
1606 3843 1881 3896 iudicatus
1906 3859 1937 3893 r
1963 3842 1980 3910 u
2007 3846 2038 3893 9
2064 3840 2283 3893 fortuna
2303 3851 2384 3913 Nq
2410 3840 2429 3909 ΙΙ
2460 3843 2523 3891 12

392 3925 512 3995 ipso
541 3942 606 3986 ςν
631 3922 649 3993 ΙΙ
680 3927 742 3976 13
771 3930 925 3975 erant
951 3942 1016 3985 ςν
1042 3923 1060 3991 {l
1086 3940 1202 3974 aur.
1228 3934 1309 3991 Ny
1335 3922 1354 3992 ΙΙ
1387 3925 1447 3973 14
1473 3922 1642 3993 ipsius
1679 3922 1737 3975 in
1775 3921 2117 3975 inimicorum
2153 3937 2185 3971 r
2209 3920 2227 3989 ss
2259 3922 2319 3971 15
2346 3920 2409 3973 C.
2438 3918 2525 3972 Si-

389 3999 582 4071 qonius
600 4021 618 4051 :
644 4000 683 4053 l.
709 4012 825 4061 Νςν
850 4000 868 4069 Ι]
895 4017 924 4051 e
950 4017 982 4051 r
1006 3999 1023 4069 ΙΙ
1057 4001 1115 4050 17
1143 4015 1173 4051 e
1197 4016 1230 4051 r
1253 4001 1271 4069 ΙΙ
1304 4001 1365 4051 19
1391 3998 1598 4051 honore
1621 3996 1886 4066 triumphi
1910 4014 1941 4048 r
1966 3996 1985 4066 ΙΙ
2013 3999 2077 4049 22
2102 3996 2365 4065 perculsis
2398 3997 2525 4049 Mo-

391 4076 654 4148 yuntina:
703 4075 998 4148 praeclusis
1044 4088 1158 4139 Νςν
1193 4075 1212 4147 ss
1251 4080 1316 4129 23
1355 4087 1510 4128 XVIII
1546 4076 1621 4145 νη
1662 4076 1728 4127 26
1762 4074 1792 4125 Ι
1827 4091 1859 4126 r
1883 4072 1901 4143 ss
1928 4076 1992 4125 27
2034 4072 2229 4126 Caesar
2266 4091 2351 4126 om
2392 4072 2501 4144 ςνΙ

397 4162 540 4209 esset
562 4173 594 4208 r
609 4176 626 4209 .·
655 4163 738 4209 est
759 4166 844 4217 Νς
869 4154 886 4223 ss
