<?xml version="1.0" encoding="UTF-8"?>
<!DOCTYPE html PUBLIC "-//W3C//DTD XHTML 1.0 Transitional//EN"
    "http://www.w3.org/TR/xhtml1/DTD/xhtml1-transitional.dtd">
<html xmlns="http://www.w3.org/1999/xhtml" xml:lang="en" lang="en">
 <head>
  <title>
</title>
<meta http-equiv="Content-Type" content="text/html;charset=utf-8" />
  <meta name='ocr-system' content='tesseract 3.04.00' />
  <meta name='ocr-capabilities' content='ocr_page ocr_carea ocr_par ocr_line ocrx_word'/>
</head>
<body>
  <div class='ocr_page' id='page_1' title='image "./tliviaburbecond00jahngoog_0096.png"; bbox 0 0 3052 4823; ppageno 0'>
   <div class='ocr_carea' id='block_1_1' title="bbox 1096 360 2497 440">
    <p class='ocr_par' dir='ltr' id='par_1_1' title="bbox 1096 360 2497 440">
     <span class='ocr_line' id='line_1_1' title="bbox 1096 360 2497 440; baseline 0.001 -20"><span class='ocrx_word' id='word_1_1' title='bbox 1096 378 1158 420; x_wconf 83' lang='lat' dir='ltr'><strong>T.</strong></span> <span class='ocrx_word' id='word_1_2' title='bbox 1196 377 1338 421; x_wconf 78' lang='lat' dir='ltr'><strong>1.1v1</strong></span> <span class='ocrx_word' id='word_1_3' title='bbox 1370 378 1774 422; x_wconf 79' lang='lat' dir='ltr'><strong>LV1111-——Lx.</strong></span> <span class='ocrx_word' id='word_1_4' title='bbox 1815 433 1823 440; x_wconf 86' lang='lat'><strong>.</strong></span> <span class='ocrx_word' id='word_1_5' title='bbox 2415 360 2497 422; x_wconf 84' lang='lat'><strong>65</strong></span> 
     </span>
    </p>
   </div>
   <div class='ocr_carea' id='block_1_2' title="bbox 267 526 2499 2438">
    <p class='ocr_par' dir='ltr' id='par_1_2' title="bbox 267 526 2499 2438">
     <span class='ocr_line' id='line_1_2' title="bbox 375 526 2489 612; baseline 0 -21"><span class='ocrx_word' id='word_1_6' title='bbox 375 550 590 611; x_wconf 89' lang='lat' dir='ltr'><strong>regem</strong></span> <span class='ocrx_word' id='word_1_7' title='bbox 641 536 823 611; x_wconf 86' lang='lat' dir='ltr'><strong>gesta</strong></span> <span class='ocrx_word' id='word_1_8' title='bbox 873 548 993 589; x_wconf 92' lang='lat' dir='ltr'><strong>nec</strong></span> <span class='ocrx_word' id='word_1_9' title='bbox 1055 526 1261 610; x_wconf 88' lang='lat' dir='ltr'><strong>magis</strong></span> <span class='ocrx_word' id='word_1_10' title='bbox 1314 527 1567 610; x_wconf 78' lang='lat' dir='ltr'>quietae</span> <span class='ocrx_word' id='word_1_11' title='bbox 1619 550 1719 591; x_wconf 91' lang='lat' dir='ltr'><strong>res</strong></span> <span class='ocrx_word' id='word_1_12' title='bbox 1773 527 2056 612; x_wconf 85' lang='lat' dir='ltr'><strong>Aegypti</strong></span> <span class='ocrx_word' id='word_1_13' title='bbox 2108 528 2489 593; x_wconf 86' lang='lat' dir='ltr'><strong>referuntur.</strong></span> 
     </span>
     <span class='ocr_line' id='line_1_3' title="bbox 372 627 2497 713; baseline 0 -20"><span class='ocrx_word' id='word_1_14' title='bbox 372 631 781 693; x_wconf 83' lang='lat' dir='ltr'><strong>Ptolemaeus</strong></span> <span class='ocrx_word' id='word_1_15' title='bbox 813 630 1164 713; x_wconf 79' lang='lat' dir='ltr'><strong>Euergetes</strong></span> <span class='ocrx_word' id='word_1_16' title='bbox 1195 630 1711 712; x_wconf 83' lang='lat' dir='ltr'><strong>cognominatuS,</strong></span> <span class='ocrx_word' id='word_1_17' title='bbox 1748 629 1827 692; x_wconf 93' lang='lat' dir='ltr'><strong>ob</strong></span> <span class='ocrx_word' id='word_1_18' title='bbox 1859 627 2128 691; x_wconf 86' lang='lat' dir='ltr'>nimiam</span> <span class='ocrx_word' id='word_1_19' title='bbox 2156 630 2497 693; x_wconf 86' lang='lat' dir='ltr'><strong>crudelita-</strong></span> 
     </span>
     <span class='ocr_line' id='line_1_4' title="bbox 375 729 2497 815; baseline -0 -21"><span class='ocrx_word' id='word_1_20' title='bbox 375 742 502 794; x_wconf 88' lang='lat' dir='ltr'><strong>tem</strong></span> <span class='ocrx_word' id='word_1_21' title='bbox 535 731 668 793; x_wconf 89' lang='lat' dir='ltr'><strong>suis</strong></span> <span class='ocrx_word' id='word_1_22' title='bbox 699 730 976 805; x_wconf 90' lang='lat' dir='ltr'><strong>inuisus,</strong></span> <span class='ocrx_word' id='word_1_23' title='bbox 1014 730 1274 794; x_wconf 87' lang='lat' dir='ltr'><strong>incensa</strong></span> <span class='ocrx_word' id='word_1_24' title='bbox 1302 754 1341 793; x_wconf 92' lang='lat' dir='ltr'><strong>a</strong></span> <span class='ocrx_word' id='word_1_25' title='bbox 1369 733 1609 815; x_wconf 89' lang='lat' dir='ltr'><strong>populo</strong></span> <span class='ocrx_word' id='word_1_26' title='bbox 1638 729 1814 813; x_wconf 86' lang='lat' dir='ltr'><strong>regia</strong></span> <span class='ocrx_word' id='word_1_27' title='bbox 1858 730 2022 792; x_wconf 90' lang='lat' dir='ltr'><strong>clam</strong></span> <span class='ocrx_word' id='word_1_28' title='bbox 2053 731 2311 813; x_wconf 88' lang='lat' dir='ltr'><strong>Cypron</strong></span> <span class='ocrx_word' id='word_1_29' title='bbox 2354 752 2497 813; x_wconf 88' lang='lat' dir='ltr'><strong>pro-</strong></span> 
     </span>
     <span class='ocr_line' id='line_1_5' title="bbox 371 831 2495 915; baseline 0 -21"><span class='ocrx_word' id='word_1_30' title='bbox 371 832 574 914; x_wconf 86' lang='lat' dir='ltr'><strong>fugit,</strong></span> <span class='ocrx_word' id='word_1_31' title='bbox 621 841 686 893; x_wconf 91' lang='lat' dir='ltr'><strong>et</strong></span> <span class='ocrx_word' id='word_1_32' title='bbox 717 854 866 895; x_wconf 91' lang='lat' dir='ltr'><strong>cum</strong></span> <span class='ocrx_word' id='word_1_33' title='bbox 895 832 1093 894; x_wconf 91' lang='lat' dir='ltr'><strong>sorori</strong></span> <span class='ocrx_word' id='word_1_34' title='bbox 1134 831 1270 895; x_wconf 92' lang='lat' dir='ltr'><strong>eius</strong></span> <span class='ocrx_word' id='word_1_35' title='bbox 1317 833 1725 915; x_wconf 83' lang='lat' dir='ltr'><strong>Cleopatrae,</strong></span> <span class='ocrx_word' id='word_1_36' title='bbox 1774 852 1966 913; x_wconf 88' lang='lat' dir='ltr'><strong>quam</strong></span> <span class='ocrx_word' id='word_1_37' title='bbox 2004 832 2141 894; x_wconf 88' lang='lat' dir='ltr'><strong>filia</strong></span> <span class='ocrx_word' id='word_1_38' title='bbox 2188 832 2325 895; x_wconf 91' lang='lat' dir='ltr'><strong>eius</strong></span> <span class='ocrx_word' id='word_1_39' title='bbox 2368 834 2495 895; x_wconf 90' lang='lat' dir='ltr'><strong>uir-</strong></span> 
     </span>
     <span class='ocr_line' id='line_1_6' title="bbox 310 926 2497 1018; baseline 0.001 -24"><span class='ocrx_word' id='word_1_40' title='bbox 310 946 343 994; x_wconf 88' lang='lat'>5</span> <span class='ocrx_word' id='word_1_41' title='bbox 371 934 520 1015; x_wconf 86' lang='lat' dir='ltr'><strong>gine</strong></span> <span class='ocrx_word' id='word_1_42' title='bbox 550 956 663 1018; x_wconf 91' lang='lat' dir='ltr'><strong>per</strong></span> <span class='ocrx_word' id='word_1_43' title='bbox 694 933 830 996; x_wconf 92' lang='lat' dir='ltr'><strong>uim</strong></span> <span class='ocrx_word' id='word_1_44' title='bbox 863 926 1200 1016; x_wconf 85' lang='lat' dir='ltr'><strong>conpressa</strong></span> <span class='ocrx_word' id='word_1_45' title='bbox 1231 942 1422 1015; x_wconf 88' lang='lat' dir='ltr'><strong>atque</strong></span> <span class='ocrx_word' id='word_1_46' title='bbox 1463 933 1533 995; x_wconf 93' lang='lat' dir='ltr'><strong>in</strong></span> <span class='ocrx_word' id='word_1_47' title='bbox 1577 933 2059 995; x_wconf 83' lang='lat' dir='ltr'><strong>matrimonium</strong></span> <span class='ocrx_word' id='word_1_48' title='bbox 2091 934 2285 996; x_wconf 88' lang='lat' dir='ltr'><strong>ducta</strong></span> <span class='ocrx_word' id='word_1_49' title='bbox 2313 956 2497 1016; x_wconf 88' lang='lat' dir='ltr'><strong>repu—</strong></span> 
     </span>
     <span class='ocr_line' id='line_1_7' title="bbox 370 1033 2499 1117; baseline 0 -19"><span class='ocrx_word' id='word_1_50' title='bbox 370 1036 696 1111; x_wconf 88' lang='lat' dir='ltr'><strong>diauerat,</strong></span> <span class='ocrx_word' id='word_1_51' title='bbox 752 1056 1028 1117; x_wconf 89' lang='lat' dir='ltr'><strong>regnum</strong></span> <span class='ocrx_word' id='word_1_52' title='bbox 1076 1056 1115 1095; x_wconf 94' lang='lat' dir='ltr'><strong>a</strong></span> <span class='ocrx_word' id='word_1_53' title='bbox 1141 1035 1380 1117; x_wconf 91' lang='lat' dir='ltr'><strong>populo</strong></span> <span class='ocrx_word' id='word_1_54' title='bbox 1425 1036 1646 1098; x_wconf 88' lang='lat' dir='ltr'><strong>datum</strong></span> <span class='ocrx_word' id='word_1_55' title='bbox 1693 1045 1857 1097; x_wconf 91' lang='lat' dir='ltr'><strong>esset</strong></span> <span class='ocrx_word' id='word_1_56' title='bbox 1877 1083 1893 1109; x_wconf 94' lang='lat'><strong>,</strong></span> <span class='ocrx_word' id='word_1_57' title='bbox 1956 1033 2248 1097; x_wconf 84' lang='lat' dir='ltr'><strong>infens’us</strong></span> <span class='ocrx_word' id='word_1_58' title='bbox 2288 1036 2499 1099; x_wconf 90' lang='lat' dir='ltr'><strong>filium</strong></span> 
     </span>
     <span class='ocr_line' id='line_1_8' title="bbox 369 1128 2497 1221; baseline 0.001 -23"><span class='ocrx_word' id='word_1_59' title='bbox 369 1159 559 1219; x_wconf 90' lang='lat' dir='ltr'><strong>quem</strong></span> <span class='ocrx_word' id='word_1_60' title='bbox 605 1158 685 1199; x_wconf 85' lang='lat' dir='ltr'><strong>ex</strong></span> <span class='ocrx_word' id='word_1_61' title='bbox 729 1136 843 1198; x_wconf 89' lang='lat' dir='ltr'><strong>illa</strong></span> <span class='ocrx_word' id='word_1_62' title='bbox 885 1136 1164 1199; x_wconf 90' lang='lat' dir='ltr'><strong>habebat</strong></span> <span class='ocrx_word' id='word_1_63' title='bbox 1209 1136 1277 1198; x_wconf 91' lang='lat' dir='ltr'><strong>in</strong></span> <span class='ocrx_word' id='word_1_64' title='bbox 1323 1138 1537 1221; x_wconf 88' lang='lat' dir='ltr'><strong>Cypro</strong></span> <span class='ocrx_word' id='word_1_65' title='bbox 1582 1136 1813 1199; x_wconf 89' lang='lat' dir='ltr'><strong>occidit</strong></span> <span class='ocrx_word' id='word_1_66' title='bbox 1870 1146 2191 1219; x_wconf 80' lang='lat' dir='ltr'><strong>caputque</strong></span> <span class='ocrx_word' id='word_1_67' title='bbox 2237 1136 2374 1200; x_wconf 91' lang='lat' dir='ltr'><strong>eius</strong></span> <span class='ocrx_word' id='word_1_68' title='bbox 2433 1128 2497 1200; x_wconf 86' lang='lat' dir='ltr'><strong>et</strong></span> 
     </span>
     <span class='ocr_line' id='line_1_9' title="bbox 368 1232 2497 1321; baseline 0 -21"><span class='ocrx_word' id='word_1_69' title='bbox 368 1259 600 1300; x_wconf 86' lang='lat' dir='ltr'><strong>manus</strong></span> <span class='ocrx_word' id='word_1_70' title='bbox 631 1248 696 1301; x_wconf 92' lang='lat' dir='ltr'><strong>et</strong></span> <span class='ocrx_word' id='word_1_71' title='bbox 723 1239 918 1321; x_wconf 90' lang='lat' dir='ltr'><strong>pedes</strong></span> <span class='ocrx_word' id='word_1_72' title='bbox 947 1232 1139 1301; x_wconf 89' lang='lat' dir='ltr'><strong>matri</strong></span> <span class='ocrx_word' id='word_1_73' title='bbox 1169 1238 1367 1300; x_wconf 86' lang='lat' dir='ltr'><strong>misit.</strong></span> <span class='ocrx_word' id='word_1_74' title='bbox 1434 1237 1776 1301; x_wconf 88' lang='lat' dir='ltr'><strong>seditiones</strong></span> <span class='ocrx_word' id='word_1_75' title='bbox 1808 1261 1842 1301; x_wconf 87' lang='lat' dir='ltr'><strong>a</strong></span> <span class='ocrx_word' id='word_1_76' title='bbox 1877 1238 2231 1301; x_wconf 88' lang='lat' dir='ltr'><strong>triumuiris</strong></span> <span class='ocrx_word' id='word_1_77' title='bbox 2262 1238 2497 1301; x_wconf 89' lang='lat' dir='ltr'><strong>Fuluio</strong></span> 
     </span>
     <span class='ocr_line' id='line_1_10' title="bbox 372 1337 2496 1421; baseline -0 -18"><span class='ocrx_word' id='word_1_78' title='bbox 372 1340 601 1403; x_wconf 90' lang='lat' dir='ltr'><strong>Flacco</strong></span> <span class='ocrx_word' id='word_1_79' title='bbox 631 1348 696 1400; x_wconf 92' lang='lat' dir='ltr'><strong>et</strong></span> <span class='ocrx_word' id='word_1_80' title='bbox 729 1339 804 1401; x_wconf 87' lang='lat' dir='ltr'><strong>C.</strong></span> <span class='ocrx_word' id='word_1_81' title='bbox 837 1340 1131 1403; x_wconf 83' lang='lat' dir='ltr'><strong>Graccho</strong></span> <span class='ocrx_word' id='word_1_82' title='bbox 1161 1350 1226 1402; x_wconf 86' lang='lat' dir='ltr'><strong>et</strong></span> <span class='ocrx_word' id='word_1_83' title='bbox 1256 1341 1332 1403; x_wconf 93' lang='lat' dir='ltr'><strong>C.</strong></span> <span class='ocrx_word' id='word_1_84' title='bbox 1360 1337 1620 1421; x_wconf 90' lang='lat' dir='ltr'><strong>Papirio</strong></span> <span class='ocrx_word' id='word_1_85' title='bbox 1646 1339 1933 1401; x_wconf 89' lang='lat' dir='ltr'><strong>Carbone</strong></span> <span class='ocrx_word' id='word_1_86' title='bbox 1965 1360 2115 1421; x_wconf 89' lang='lat' dir='ltr'><strong>agro</strong></span> <span class='ocrx_word' id='word_1_87' title='bbox 2148 1338 2496 1402; x_wconf 91' lang='lat' dir='ltr'><strong>diuidendo</strong></span> 
     </span>
     <span class='ocr_line' id='line_1_11' title="bbox 267 1438 2498 1531; baseline -0.001 -27"><span class='ocrx_word' id='word_1_88' title='bbox 267 1456 335 1504; x_wconf 90' lang='lat'><strong>10</strong></span> <span class='ocrx_word' id='word_1_89' title='bbox 364 1440 591 1505; x_wconf 87' lang='lat' dir='ltr'><strong>creatis</strong></span> <span class='ocrx_word' id='word_1_90' title='bbox 623 1440 954 1531; x_wconf 73' lang='lat' dir='ltr'><strong>excitatae.</strong></span> <span class='ocrx_word' id='word_1_91' title='bbox 1007 1462 1157 1503; x_wconf 92' lang='lat' dir='ltr'><strong>cum</strong></span> <span class='ocrx_word' id='word_1_92' title='bbox 1186 1443 1264 1504; x_wconf 89' lang='lat' dir='ltr'><strong>P.</strong></span> <span class='ocrx_word' id='word_1_93' title='bbox 1306 1439 1520 1523; x_wconf 87' lang='lat' dir='ltr'><strong>Scipio</strong></span> <span class='ocrx_word' id='word_1_94' title='bbox 1551 1438 1893 1501; x_wconf 70' lang='lat' dir='ltr'><strong>Africanus</strong></span> <span class='ocrx_word' id='word_1_95' title='bbox 1926 1438 2017 1501; x_wconf 93' lang='lat' dir='ltr'><strong>eis</strong></span> <span class='ocrx_word' id='word_1_96' title='bbox 2056 1441 2498 1502; x_wconf 88' lang='lat' dir='ltr'><strong>aduersaretur</strong></span> 
     </span>
     <span class='ocr_line' id='line_1_12' title="bbox 366 1540 2497 1625; baseline -0.001 -20"><span class='ocrx_word' id='word_1_97' title='bbox 366 1543 672 1625; x_wconf 87' lang='lat' dir='ltr'><strong>fortisque</strong></span> <span class='ocrx_word' id='word_1_98' title='bbox 704 1564 778 1603; x_wconf 92' lang='lat' dir='ltr'><strong>ac</strong></span> <span class='ocrx_word' id='word_1_99' title='bbox 807 1542 1062 1605; x_wconf 91' lang='lat' dir='ltr'><strong>ualidus</strong></span> <span class='ocrx_word' id='word_1_100' title='bbox 1093 1542 1299 1625; x_wconf 88' lang='lat' dir='ltr'><strong>pridie</strong></span> <span class='ocrx_word' id='word_1_101' title='bbox 1345 1542 1605 1604; x_wconf 90' lang='lat' dir='ltr'><strong>domum</strong></span> <span class='ocrx_word' id='word_1_102' title='bbox 1652 1561 1719 1601; x_wconf 90' lang='lat' dir='ltr'><strong>se</strong></span> <span class='ocrx_word' id='word_1_103' title='bbox 1767 1540 2139 1622; x_wconf 85' lang='lat' dir='ltr'><strong>recepisset,</strong></span> <span class='ocrx_word' id='word_1_104' title='bbox 2204 1552 2497 1603; x_wconf 90' lang='lat' dir='ltr'><strong>mortuus</strong></span> 
     </span>
     <span class='ocr_line' id='line_1_13' title="bbox 368 1640 2495 1725; baseline 0 -20"><span class='ocrx_word' id='word_1_105' title='bbox 368 1644 439 1705; x_wconf 91' lang='lat' dir='ltr'><strong>in</strong></span> <span class='ocrx_word' id='word_1_106' title='bbox 468 1642 762 1705; x_wconf 89' lang='lat' dir='ltr'><strong>cubiculo</strong></span> <span class='ocrx_word' id='word_1_107' title='bbox 791 1643 1100 1707; x_wconf 92' lang='lat' dir='ltr'><strong>inuentus</strong></span> <span class='ocrx_word' id='word_1_108' title='bbox 1131 1654 1249 1707; x_wconf 91' lang='lat' dir='ltr'><strong>est.</strong></span> <span class='ocrx_word' id='word_1_109' title='bbox 1323 1654 1617 1725; x_wconf 88' lang='lat' dir='ltr'><strong>suspecta</strong></span> <span class='ocrx_word' id='word_1_110' title='bbox 1650 1640 1807 1717; x_wconf 90' lang='lat' dir='ltr'><strong>fuit,</strong></span> <span class='ocrx_word' id='word_1_111' title='bbox 1854 1652 2183 1724; x_wconf 86' lang='lat' dir='ltr'><strong>tamquam</strong></span> <span class='ocrx_word' id='word_1_112' title='bbox 2213 1642 2273 1704; x_wconf 90' lang='lat' dir='ltr'><strong>ei</strong></span> <span class='ocrx_word' id='word_1_113' title='bbox 2302 1664 2495 1705; x_wconf 90' lang='lat' dir='ltr'><strong>uene-</strong></span> 
     </span>
     <span class='ocr_line' id='line_1_14' title="bbox 301 1742 2498 1837; baseline -0.001 -30"><span class='ocrx_word' id='word_1_114' title='bbox 301 1826 306 1837; x_wconf 37' lang='lat'><em>·</em></span> <span class='ocrx_word' id='word_1_115' title='bbox 367 1766 526 1807; x_wconf 90' lang='lat' dir='ltr'><strong>num</strong></span> <span class='ocrx_word' id='word_1_116' title='bbox 555 1743 867 1821; x_wconf 85' lang='lat' dir='ltr'><strong>dedisset,</strong></span> <span class='ocrx_word' id='word_1_117' title='bbox 934 1743 1310 1829; x_wconf 87' lang='lat' dir='ltr'><strong>Sempronia</strong></span> <span class='ocrx_word' id='word_1_118' title='bbox 1359 1765 1520 1807; x_wconf 84' lang='lat' dir='ltr'><strong>uxor</strong></span> <span class='ocrx_word' id='word_1_119' title='bbox 1558 1742 1711 1805; x_wconf 89' lang='lat' dir='ltr'><strong>hinc</strong></span> <span class='ocrx_word' id='word_1_120' title='bbox 1759 1742 2037 1805; x_wconf 86' lang='lat' dir='ltr'><strong>maxime</strong></span> <span class='ocrx_word' id='word_1_121' title='bbox 2056 1792 2074 1819; x_wconf 97' lang='lat'><strong>,</strong></span> <span class='ocrx_word' id='word_1_122' title='bbox 2124 1745 2296 1825; x_wconf 91' lang='lat' dir='ltr'><strong>quod</strong></span> <span class='ocrx_word' id='word_1_123' title='bbox 2326 1765 2498 1807; x_wconf 92' lang='lat' dir='ltr'><strong>soror</strong></span> 
     </span>
     <span class='ocr_line' id='line_1_15' title="bbox 363 1844 2492 1927; baseline 0 -19"><span class='ocrx_word' id='word_1_124' title='bbox 363 1855 530 1909; x_wconf 90' lang='lat' dir='ltr'><strong>esset</strong></span> <span class='ocrx_word' id='word_1_125' title='bbox 560 1846 1022 1923; x_wconf 86' lang='lat' dir='ltr'><strong>Gracchorum,</strong></span> <span class='ocrx_word' id='word_1_126' title='bbox 1057 1868 1206 1909; x_wconf 89' lang='lat' dir='ltr'><strong>cum</strong></span> <span class='ocrx_word' id='word_1_127' title='bbox 1237 1844 1468 1927; x_wconf 91' lang='lat' dir='ltr'><strong>quibus</strong></span> <span class='ocrx_word' id='word_1_128' title='bbox 1499 1844 1793 1907; x_wconf 85' lang='lat' dir='ltr'><strong>simultas</strong></span> <span class='ocrx_word' id='word_1_129' title='bbox 1809 1844 2113 1908; x_wconf 88' lang='lat' dir='ltr'><strong>Africano</strong></span> <span class='ocrx_word' id='word_1_130' title='bbox 2145 1845 2376 1907; x_wconf 84' lang='lat' dir='ltr'><strong>fuerat.</strong></span> <span class='ocrx_word' id='word_1_131' title='bbox 2414 1846 2492 1908; x_wconf 89' lang='lat' dir='ltr'><strong>de</strong></span> 
     </span>
     <span class='ocr_line' id='line_1_16' title="bbox 270 1946 2493 2029; baseline 0 -20"><span class='ocrx_word' id='word_1_132' title='bbox 270 1960 334 2009; x_wconf 88' lang='lat'><strong>15</strong></span> <span class='ocrx_word' id='word_1_133' title='bbox 363 1957 566 2009; x_wconf 91' lang='lat' dir='ltr'><strong>morte</strong></span> <span class='ocrx_word' id='word_1_134' title='bbox 598 1958 814 2011; x_wconf 89' lang='lat' dir='ltr'><strong>tamen</strong></span> <span class='ocrx_word' id='word_1_135' title='bbox 847 1948 984 2011; x_wconf 92' lang='lat' dir='ltr'><strong>eius</strong></span> <span class='ocrx_word' id='word_1_136' title='bbox 1025 1947 1208 2009; x_wconf 92' lang='lat' dir='ltr'><strong>nulla</strong></span> <span class='ocrx_word' id='word_1_137' title='bbox 1251 1947 1541 2029; x_wconf 87' lang='lat' dir='ltr'><strong>quaestio</strong></span> <span class='ocrx_word' id='word_1_138' title='bbox 1588 1956 1753 2009; x_wconf 88' lang='lat' dir='ltr'><strong>acta.</strong></span> <span class='ocrx_word' id='word_1_139' title='bbox 1829 1947 2131 2009; x_wconf 87' lang='lat' dir='ltr'><strong>defuncto</strong></span> <span class='ocrx_word' id='word_1_140' title='bbox 2172 1970 2246 2009; x_wconf 92' lang='lat' dir='ltr'><strong>eo</strong></span> <span class='ocrx_word' id='word_1_141' title='bbox 2288 1946 2493 2009; x_wconf 88' lang='lat' dir='ltr'><strong>acrius</strong></span> 
     </span>
     <span class='ocr_line' id='line_1_17' title="bbox 369 2048 2493 2137; baseline -0 -26"><span class='ocrx_word' id='word_1_142' title='bbox 369 2048 710 2112; x_wconf 87' lang='lat' dir='ltr'><strong>seditiones</strong></span> <span class='ocrx_word' id='word_1_143' title='bbox 742 2048 1170 2112; x_wconf 89' lang='lat' dir='ltr'><strong>triumuirales</strong></span> <span class='ocrx_word' id='word_1_144' title='bbox 1202 2058 1596 2137; x_wconf 71' lang='lat' dir='ltr'><strong>exarserunt.</strong></span> <span class='ocrx_word' id='word_1_145' title='bbox 1660 2048 1735 2111; x_wconf 90' lang='lat' dir='ltr'><strong>C.</strong></span> <span class='ocrx_word' id='word_1_146' title='bbox 1775 2048 2190 2131; x_wconf 87' lang='lat' dir='ltr'><strong>Sempronius</strong></span> <span class='ocrx_word' id='word_1_147' title='bbox 2221 2070 2347 2112; x_wconf 89' lang='lat' dir='ltr'><strong>cos.</strong></span> <span class='ocrx_word' id='word_1_148' title='bbox 2386 2049 2493 2110; x_wconf 89' lang='lat' dir='ltr'><strong>ad—</strong></span> 
     </span>
     <span class='ocr_line' id='line_1_18' title="bbox 367 2149 2493 2235; baseline -0.001 -23"><span class='ocrx_word' id='word_1_149' title='bbox 367 2172 592 2213; x_wconf 88' lang='lat' dir='ltr'><strong>uersus</strong></span> <span class='ocrx_word' id='word_1_150' title='bbox 607 2152 883 2233; x_wconf 83' lang='lat' dir='ltr'><strong>Iapydas</strong></span> <span class='ocrx_word' id='word_1_151' title='bbox 914 2150 1120 2235; x_wconf 90' lang='lat' dir='ltr'><strong>primo</strong></span> <span class='ocrx_word' id='word_1_152' title='bbox 1150 2151 1318 2213; x_wconf 90' lang='lat' dir='ltr'><strong>male</strong></span> <span class='ocrx_word' id='word_1_153' title='bbox 1346 2173 1482 2213; x_wconf 90' lang='lat' dir='ltr'><strong>rem</strong></span> <span class='ocrx_word' id='word_1_154' title='bbox 1508 2149 1729 2233; x_wconf 84' lang='lat' dir='ltr'><strong>gessit,</strong></span> <span class='ocrx_word' id='word_1_155' title='bbox 1767 2171 1917 2212; x_wconf 85' lang='lat' dir='ltr'><strong>mox</strong></span> <span class='ocrx_word' id='word_1_156' title='bbox 1947 2149 2217 2211; x_wconf 90' lang='lat' dir='ltr'><strong>uictoria</strong></span> <span class='ocrx_word' id='word_1_157' title='bbox 2246 2149 2493 2211; x_wconf 89' lang='lat' dir='ltr'><strong>cladem</strong></span> 
     </span>
     <span class='ocr_line' id='line_1_19' title="bbox 367 2249 2492 2339; baseline -0.002 -24"><span class='ocrx_word' id='word_1_158' title='bbox 367 2263 696 2335; x_wconf 85' lang='lat' dir='ltr'><strong>acceptam</strong></span> <span class='ocrx_word' id='word_1_159' title='bbox 727 2252 1096 2315; x_wconf 88' lang='lat' dir='ltr'><strong>emendauit</strong></span> <span class='ocrx_word' id='word_1_160' title='bbox 1125 2251 1366 2315; x_wconf 91' lang='lat' dir='ltr'><strong>uirtute</strong></span> <span class='ocrx_word' id='word_1_161' title='bbox 1411 2251 1664 2315; x_wconf 83' lang='lat' dir='ltr'><strong>Decimi</strong></span> <span class='ocrx_word' id='word_1_162' title='bbox 1712 2250 1885 2339; x_wconf 31' lang='lat' dir='ltr'><strong>Iuni·</strong></span> <span class='ocrx_word' id='word_1_163' title='bbox 1910 2250 2134 2325; x_wconf 87' lang='lat' dir='ltr'><strong>Bruti,</strong></span> <span class='ocrx_word' id='word_1_164' title='bbox 2200 2249 2339 2311; x_wconf 90' lang='lat' dir='ltr'><strong>eius</strong></span> <span class='ocrx_word' id='word_1_165' title='bbox 2382 2249 2492 2330; x_wconf 91' lang='lat' dir='ltr'><strong>qui</strong></span> 
     </span>
     <span class='ocr_line' id='line_1_20' title="bbox 369 2352 1162 2438; baseline -0.003 -20"><span class='ocrx_word' id='word_1_166' title='bbox 369 2352 774 2418; x_wconf 87' lang='lat' dir='ltr'><strong>Lusitaniam</strong></span> <span class='ocrx_word' id='word_1_167' title='bbox 803 2356 1162 2438; x_wconf 85' lang='lat' dir='ltr'><strong>subegerat.</strong></span> 
     </span>
    </p>
   </div>
   <div class='ocr_carea' id='block_1_3' title="bbox 275 2592 1694 2654">
    <p class='ocr_par' dir='ltr' id='par_1_3' title="bbox 275 2592 1694 2654">
     <span class='ocr_line' id='line_1_21' title="bbox 275 2592 1694 2654; baseline -0.001 -1"><span class='ocrx_word' id='word_1_168' title='bbox 275 2604 342 2653; x_wconf 86' lang='lat'><strong>20</strong></span> <span class='ocrx_word' id='word_1_169' title='bbox 1145 2593 1271 2654; x_wconf 88' lang='lat' dir='ltr'><strong>EX</strong></span> <span class='ocrx_word' id='word_1_170' title='bbox 1316 2592 1492 2653; x_wconf 91' lang='lat' dir='ltr'><strong>LIB.</strong></span> <span class='ocrx_word' id='word_1_171' title='bbox 1544 2592 1694 2654; x_wconf 90' lang='lat' dir='ltr'><strong>LX.</strong></span> 
     </span>
    </p>
   </div>
   <div class='ocr_carea' id='block_1_4' title="bbox 268 2757 2489 3351">
    <p class='ocr_par' dir='ltr' id='par_1_4' title="bbox 268 2757 2489 3351">
     <span class='ocr_line' id='line_1_22' title="bbox 367 2757 2488 2842; baseline -0.001 -19"><span class='ocrx_word' id='word_1_172' title='bbox 367 2762 443 2823; x_wconf 91' lang='lat' dir='ltr'><strong>L.</strong></span> <span class='ocrx_word' id='word_1_173' title='bbox 500 2760 804 2823; x_wconf 86' lang='lat' dir='ltr'><strong>Aurelius</strong></span> <span class='ocrx_word' id='word_1_174' title='bbox 857 2781 985 2823; x_wconf 88' lang='lat' dir='ltr'><strong>cos.</strong></span> <span class='ocrx_word' id='word_1_175' title='bbox 1043 2759 1358 2822; x_wconf 90' lang='lat' dir='ltr'><strong>bellantes</strong></span> <span class='ocrx_word' id='word_1_176' title='bbox 1415 2759 1649 2822; x_wconf 87' lang='lat' dir='ltr'><strong>Sardos</strong></span> <span class='ocrx_word' id='word_1_177' title='bbox 1702 2757 1977 2842; x_wconf 84' lang='lat' dir='ltr'><strong>subegit.</strong></span> <span class='ocrx_word' id='word_1_178' title='bbox 2060 2760 2155 2822; x_wconf 92' lang='lat' dir='ltr'><strong>M.</strong></span> <span class='ocrx_word' id='word_1_179' title='bbox 2215 2758 2488 2822; x_wconf 91' lang='lat' dir='ltr'><strong>Fuluius</strong></span> 
     </span>
     <span class='ocr_line' id='line_1_23' title="bbox 366 2860 2487 2944; baseline -0 -19"><span class='ocrx_word' id='word_1_180' title='bbox 366 2863 634 2925; x_wconf 85' lang='lat' dir='ltr'><strong>Flaccus</strong></span> <span class='ocrx_word' id='word_1_181' title='bbox 663 2861 909 2944; x_wconf 90' lang='lat' dir='ltr'><strong>primus</strong></span> <span class='ocrx_word' id='word_1_182' title='bbox 942 2861 1378 2944; x_wconf 90' lang='lat' dir='ltr'><strong>transalpinos</strong></span> <span class='ocrx_word' id='word_1_183' title='bbox 1409 2861 1681 2944; x_wconf 85' lang='lat' dir='ltr'><strong>Ligures</strong></span> <span class='ocrx_word' id='word_1_184' title='bbox 1712 2861 1962 2923; x_wconf 91' lang='lat' dir='ltr'><strong>domuit</strong></span> <span class='ocrx_word' id='word_1_185' title='bbox 1999 2861 2203 2936; x_wconf 87' lang='lat' dir='ltr'><strong>bello,</strong></span> <span class='ocrx_word' id='word_1_186' title='bbox 2252 2860 2487 2924; x_wconf 90' lang='lat' dir='ltr'><strong>missus</strong></span> 
     </span>
     <span class='ocr_line' id='line_1_24' title="bbox 363 2960 2489 3044; baseline -0 -20"><span class='ocrx_word' id='word_1_187' title='bbox 363 2963 434 3024; x_wconf 89' lang='lat' dir='ltr'><strong>in</strong></span> <span class='ocrx_word' id='word_1_188' title='bbox 465 2961 780 3025; x_wconf 86' lang='lat' dir='ltr'><strong>auxilium</strong></span> <span class='ocrx_word' id='word_1_189' title='bbox 810 2961 1318 3025; x_wconf 89' lang='lat' dir='ltr'><strong>Massiliensium</strong></span> <span class='ocrx_word' id='word_1_190' title='bbox 1349 2963 1653 3025; x_wconf 87' lang='lat' dir='ltr'><strong>aduersus</strong></span> <span class='ocrx_word' id='word_1_191' title='bbox 1696 2960 2023 3024; x_wconf 85' lang='lat' dir='ltr'><strong>Salluuios</strong></span> <span class='ocrx_word' id='word_1_192' title='bbox 2068 2963 2330 3038; x_wconf 81' lang='lat' dir='ltr'><strong>Gallos,</strong></span> <span class='ocrx_word' id='word_1_193' title='bbox 2379 2962 2489 3044; x_wconf 90' lang='lat' dir='ltr'><strong>qui</strong></span> 
     </span>
     <span class='ocr_line' id='line_1_25' title="bbox 361 3063 2487 3147; baseline -0.001 -20"><span class='ocrx_word' id='word_1_194' title='bbox 361 3068 523 3127; x_wconf 88' lang='lat' dir='ltr'><strong>fines</strong></span> <span class='ocrx_word' id='word_1_195' title='bbox 555 3063 1059 3127; x_wconf 88' lang='lat' dir='ltr'><strong>Massiliensium</strong></span> <span class='ocrx_word' id='word_1_196' title='bbox 1088 3064 1586 3147; x_wconf 89' lang='lat' dir='ltr'><strong>populabantur.</strong></span> <span class='ocrx_word' id='word_1_197' title='bbox 1625 3065 1701 3125; x_wconf 92' lang='lat' dir='ltr'><strong>L.</strong></span> <span class='ocrx_word' id='word_1_198' title='bbox 1734 3063 2032 3144; x_wconf 91' lang='lat' dir='ltr'><strong>Opimius</strong></span> <span class='ocrx_word' id='word_1_199' title='bbox 2063 3072 2315 3145; x_wconf 90' lang='lat' dir='ltr'><strong>praetor</strong></span> <span class='ocrx_word' id='word_1_200' title='bbox 2338 3064 2487 3125; x_wconf 87' lang='lat' dir='ltr'><strong>Fre-</strong></span> 
     </span>
     <span class='ocr_line' id='line_1_26' title="bbox 268 3162 2488 3250; baseline -0.002 -22"><span class='ocrx_word' id='word_1_201' title='bbox 268 3179 332 3228; x_wconf 86' lang='lat'><strong>25</strong></span> <span class='ocrx_word' id='word_1_202' title='bbox 362 3167 645 3250; x_wconf 88' lang='lat' dir='ltr'><strong>gellanos</strong></span> <span class='ocrx_word' id='word_1_203' title='bbox 678 3164 792 3247; x_wconf 92' lang='lat' dir='ltr'><strong>qui</strong></span> <span class='ocrx_word' id='word_1_204' title='bbox 820 3165 1180 3228; x_wconf 86' lang='lat' dir='ltr'><strong>defecerant</strong></span> <span class='ocrx_word' id='word_1_205' title='bbox 1210 3163 1279 3225; x_wconf 90' lang='lat' dir='ltr'><strong>in</strong></span> <span class='ocrx_word' id='word_1_206' title='bbox 1309 3162 1698 3226; x_wconf 90' lang='lat' dir='ltr'><strong>deditionem</strong></span> <span class='ocrx_word' id='word_1_207' title='bbox 1729 3163 2004 3245; x_wconf 88' lang='lat' dir='ltr'><strong>accepit,</strong></span> <span class='ocrx_word' id='word_1_208' title='bbox 2041 3163 2363 3246; x_wconf 86' lang='lat' dir='ltr'><strong>Fregellas</strong></span> <span class='ocrx_word' id='word_1_209' title='bbox 2393 3163 2488 3224; x_wconf 93' lang='lat' dir='ltr'><strong>di-</strong></span> 
     </span>
     <span class='ocr_line' id='line_1_27' title="bbox 364 3263 2485 3351; baseline -0.001 -22"><span class='ocrx_word' id='word_1_210' title='bbox 364 3267 512 3329; x_wconf 83' lang='lat' dir='ltr'><strong>ruit.</strong></span> <span class='ocrx_word' id='word_1_211' title='bbox 563 3265 946 3351; x_wconf 87' lang='lat' dir='ltr'><strong>pestilentia·</strong></span> <span class='ocrx_word' id='word_1_212' title='bbox 974 3265 1044 3327; x_wconf 93' lang='lat' dir='ltr'><strong>in</strong></span> <span class='ocrx_word' id='word_1_213' title='bbox 1083 3264 1300 3327; x_wconf 84' lang='lat' dir='ltr'><strong>Africa</strong></span> <span class='ocrx_word' id='word_1_214' title='bbox 1343 3265 1422 3327; x_wconf 90' lang='lat' dir='ltr'><strong>ab</strong></span> <span class='ocrx_word' id='word_1_215' title='bbox 1466 3263 1718 3347; x_wconf 89' lang='lat' dir='ltr'><strong>ingenti</strong></span> <span class='ocrx_word' id='word_1_216' title='bbox 1762 3264 2161 3326; x_wconf 88' lang='lat' dir='ltr'><strong>lucustarum</strong></span> <span class='ocrx_word' id='word_1_217' title='bbox 2189 3263 2485 3327; x_wconf 87' lang='lat' dir='ltr'><strong>multitu-</strong></span> 
     </span>
    </p>
   </div>
   <div class='ocr_carea' id='block_1_5' title="bbox 327 3484 2484 4175">
    <p class='ocr_par' dir='ltr' id='par_1_5' title="bbox 327 3484 2484 4175">
     <span class='ocr_line' id='line_1_28' title="bbox 364 3484 2483 3556; baseline -0 -18"><span class='ocrx_word' id='word_1_218' title='bbox 364 3490 393 3538; x_wconf 87' lang='grc'>3</span> <span class='ocrx_word' id='word_1_219' title='bbox 420 3503 640 3556; x_wconf 87' lang='lat' dir='ltr'><strong>cyprum</strong></span> <span class='ocrx_word' id='word_1_220' title='bbox 669 3502 735 3548; x_wconf 76' lang='grc' dir='ltr'><strong>ςν</strong></span> <span class='ocrx_word' id='word_1_221' title='bbox 759 3485 778 3554; x_wconf 78' lang='lat' dir='ltr'>ss</span> <span class='ocrx_word' id='word_1_222' title='bbox 807 3489 834 3536; x_wconf 73' lang='lat'>4</span> <span class='ocrx_word' id='word_1_223' title='bbox 862 3498 1071 3538; x_wconf 84' lang='lat' dir='ltr'><strong>sororN</strong></span> <span class='ocrx_word' id='word_1_224' title='bbox 1092 3485 1109 3556; x_wconf 79' lang='grc' dir='ltr'><strong>ΙΙ</strong></span> <span class='ocrx_word' id='word_1_225' title='bbox 1137 3485 1439 3555; x_wconf 86' lang='lat' dir='ltr'><strong>cleopatrae</strong></span> <span class='ocrx_word' id='word_1_226' title='bbox 1456 3502 1617 3554; x_wconf 89' lang='lat' dir='ltr'><strong>quam</strong></span> <span class='ocrx_word' id='word_1_227' title='bbox 1642 3484 1807 3537; x_wconf 81' lang='lat' dir='ltr'><strong>filiam</strong></span> <span class='ocrx_word' id='word_1_228' title='bbox 1833 3485 1950 3538; x_wconf 88' lang='lat' dir='ltr'><strong>eius</strong></span> <span class='ocrx_word' id='word_1_229' title='bbox 1975 3485 2189 3556; x_wconf 88' lang='lat' dir='ltr'><strong>uirgine</strong></span> <span class='ocrx_word' id='word_1_230' title='bbox 2212 3497 2310 3554; x_wconf 73' lang='lat' dir='ltr'><strong>Ny,</strong></span> <span class='ocrx_word' id='word_1_231' title='bbox 2343 3485 2483 3538; x_wconf 91' lang='lat' dir='ltr'><strong>cleo-</strong></span> 
     </span>
     <span class='ocr_line' id='line_1_29' title="bbox 358 3560 2481 3632; baseline -0 -18"><span class='ocrx_word' id='word_1_232' title='bbox 358 3569 540 3632; x_wconf 86' lang='lat' dir='ltr'><strong>patrae</strong></span> <span class='ocrx_word' id='word_1_233' title='bbox 565 3561 720 3613; x_wconf 87' lang='lat' dir='ltr'><strong>cuius</strong></span> <span class='ocrx_word' id='word_1_234' title='bbox 744 3560 909 3614; x_wconf 90' lang='lat' dir='ltr'><strong>filiam</strong></span> <span class='ocrx_word' id='word_1_235' title='bbox 935 3561 1205 3630; x_wconf 85' lang='lat' dir='ltr'><strong>uirginem</strong></span> <span class='ocrx_word' id='word_1_236' title='bbox 1226 3581 1276 3624; x_wconf 81' lang='grc' dir='ltr'><strong>ς,</strong></span> <span class='ocrx_word' id='word_1_237' title='bbox 1317 3561 1633 3630; x_wconf 87' lang='lat' dir='ltr'><strong>Cleopatrae</strong></span> <span class='ocrx_word' id='word_1_238' title='bbox 1660 3579 1821 3630; x_wconf 90' lang='lat' dir='ltr'><strong>quam</strong></span> <span class='ocrx_word' id='word_1_239' title='bbox 1848 3561 1963 3614; x_wconf 89' lang='lat' dir='ltr'><strong>eius</strong></span> <span class='ocrx_word' id='word_1_240' title='bbox 1988 3561 2201 3631; x_wconf 87' lang='lat' dir='ltr'><strong>uirgine</strong></span> <span class='ocrx_word' id='word_1_241' title='bbox 2226 3561 2381 3613; x_wconf 80' lang='lat' dir='ltr'><strong>filiar</strong></span> <span class='ocrx_word' id='word_1_242' title='bbox 2407 3561 2423 3630; x_wconf 83' lang='grc' dir='ltr'><strong>ΙΙ</strong></span> <span class='ocrx_word' id='word_1_243' title='bbox 2452 3566 2481 3613; x_wconf 88' lang='lat'>5</span> 
     </span>
     <span class='ocr_line' id='line_1_30' title="bbox 359 3639 2480 3712; baseline -0.001 -19"><span class='ocrx_word' id='word_1_244' title='bbox 359 3658 712 3712; x_wconf 84' lang='lat' dir='ltr'><strong>compressam</strong></span> <span class='ocrx_word' id='word_1_245' title='bbox 739 3659 804 3702; x_wconf 77' lang='grc' dir='ltr'><strong>ςν</strong></span> <span class='ocrx_word' id='word_1_246' title='bbox 829 3641 846 3710; x_wconf 72' lang='grc' dir='ltr'><strong>ΙΙ</strong></span> <span class='ocrx_word' id='word_1_247' title='bbox 874 3641 1025 3692; x_wconf 91' lang='lat' dir='ltr'><strong>ducis</strong></span> <span class='ocrx_word' id='word_1_248' title='bbox 1063 3653 1136 3704; x_wconf 86' lang='lat' dir='ltr'><strong>N,</strong></span> <span class='ocrx_word' id='word_1_249' title='bbox 1179 3641 1400 3692; x_wconf 90' lang='lat' dir='ltr'><strong>ductam</strong></span> <span class='ocrx_word' id='word_1_250' title='bbox 1427 3659 1460 3702; x_wconf 86' lang='grc' dir='ltr'><strong><em>ς</em></strong></span> <span class='ocrx_word' id='word_1_251' title='bbox 1486 3639 1502 3709; x_wconf 83' lang='grc' dir='ltr'><strong>ΙΙ</strong></span> <span class='ocrx_word' id='word_1_252' title='bbox 1534 3644 1560 3691; x_wconf 83' lang='grc'><strong>7</strong></span> <span class='ocrx_word' id='word_1_253' title='bbox 1602 3640 1658 3692; x_wconf 92' lang='lat' dir='ltr'><strong>in</strong></span> <span class='ocrx_word' id='word_1_254' title='bbox 1696 3659 1779 3691; x_wconf 90' lang='lat' dir='ltr'><strong>om</strong></span> <span class='ocrx_word' id='word_1_255' title='bbox 1824 3652 1907 3702; x_wconf 82' lang='grc' dir='ltr'><strong>Νς</strong></span> <span class='ocrx_word' id='word_1_256' title='bbox 1932 3641 1949 3709; x_wconf 76' lang='grc' dir='ltr'><strong>Ι]</strong></span> <span class='ocrx_word' id='word_1_257' title='bbox 1978 3641 2127 3709; x_wconf 89' lang='lat' dir='ltr'><strong>cypri</strong></span> <span class='ocrx_word' id='word_1_258' title='bbox 2155 3659 2189 3700; x_wconf 87' lang='grc' dir='ltr'><strong><em>ς</em></strong></span> <span class='ocrx_word' id='word_1_259' title='bbox 2214 3640 2231 3708; x_wconf 82' lang='grc' dir='ltr'><strong>ΙΙ</strong></span> <span class='ocrx_word' id='word_1_260' title='bbox 2258 3642 2289 3690; x_wconf 82' lang='grc'><strong>9</strong></span> <span class='ocrx_word' id='word_1_261' title='bbox 2317 3647 2372 3691; x_wconf 90' lang='lat' dir='ltr'><strong>et</strong></span> <span class='ocrx_word' id='word_1_262' title='bbox 2396 3658 2480 3691; x_wconf 88' lang='lat' dir='ltr'><strong>om</strong></span> 
     </span>
     <span class='ocr_line' id='line_1_31' title="bbox 359 3715 2459 3787; baseline -0.001 -19"><span class='ocrx_word' id='word_1_263' title='bbox 359 3735 390 3768; x_wconf 86' lang='lat' dir='ltr'><strong>r</strong></span> <span class='ocrx_word' id='word_1_264' title='bbox 413 3719 430 3786; x_wconf 80' lang='grc' dir='ltr'><strong>ΙΙ</strong></span> <span class='ocrx_word' id='word_1_265' title='bbox 455 3717 672 3787; x_wconf 86' lang='lat' dir='ltr'><strong>Papirio</strong></span> <span class='ocrx_word' id='word_1_266' title='bbox 697 3735 778 3769; x_wconf 86' lang='lat' dir='ltr'><strong>om</strong></span> <span class='ocrx_word' id='word_1_267' title='bbox 806 3735 837 3768; x_wconf 88' lang='lat' dir='ltr'><strong>r</strong></span> <span class='ocrx_word' id='word_1_268' title='bbox 862 3717 880 3786; x_wconf 78' lang='lat' dir='ltr'>ss</span> <span class='ocrx_word' id='word_1_269' title='bbox 907 3718 974 3769; x_wconf 91' lang='lat' dir='ltr'><strong>de</strong></span> <span class='ocrx_word' id='word_1_270' title='bbox 999 3733 1129 3786; x_wconf 87' lang='lat' dir='ltr'><strong>agro</strong></span> <span class='ocrx_word' id='word_1_271' title='bbox 1154 3734 1185 3767; x_wconf 82' lang='lat' dir='ltr'><strong>r</strong></span> <span class='ocrx_word' id='word_1_272' title='bbox 1225 3716 1242 3786; x_wconf 76' lang='grc' dir='ltr'><strong>Ιῐ</strong></span> <span class='ocrx_word' id='word_1_273' title='bbox 1287 3719 1347 3767; x_wconf 92' lang='grc'><strong>10</strong></span> <span class='ocrx_word' id='word_1_274' title='bbox 1375 3716 1572 3785; x_wconf 90' lang='lat' dir='ltr'><strong>quibus</strong></span> <span class='ocrx_word' id='word_1_275' title='bbox 1598 3733 1720 3768; x_wconf 87' lang='lat' dir='ltr'><strong>cum</strong></span> <span class='ocrx_word' id='word_1_276' title='bbox 1745 3734 1776 3767; x_wconf 82' lang='lat' dir='ltr'><strong>r</strong></span> <span class='ocrx_word' id='word_1_277' title='bbox 1801 3715 1819 3785; x_wconf 87' lang='grc' dir='ltr'><strong>ΙΙ</strong></span> <span class='ocrx_word' id='word_1_278' title='bbox 1846 3716 1923 3768; x_wconf 87' lang='lat' dir='ltr'><strong>eis</strong></span> <span class='ocrx_word' id='word_1_279' title='bbox 1947 3716 2159 3767; x_wconf 75' lang='lat' dir='ltr'><strong>addidi.-</strong></span> <span class='ocrx_word' id='word_1_280' title='bbox 2196 3733 2279 3766; x_wconf 86' lang='lat' dir='ltr'><strong>om</strong></span> <span class='ocrx_word' id='word_1_281' title='bbox 2301 3727 2416 3776; x_wconf 80' lang='grc' dir='ltr'><strong>Νςν</strong></span> <span class='ocrx_word' id='word_1_282' title='bbox 2442 3718 2459 3784; x_wconf 80' lang='grc' dir='ltr'><strong>ΙΙ</strong></span> 
     </span>
     <span class='ocr_line' id='line_1_32' title="bbox 367 3794 2483 3866; baseline 0 -20"><span class='ocrx_word' id='word_1_283' title='bbox 367 3799 419 3846; x_wconf 91' lang='grc'><strong>11</strong></span> <span class='ocrx_word' id='word_1_284' title='bbox 451 3797 517 3848; x_wconf 90' lang='lat' dir='ltr'><strong>de</strong></span> <span class='ocrx_word' id='word_1_285' title='bbox 542 3796 630 3848; x_wconf 92' lang='lat' dir='ltr'><strong>die</strong></span> <span class='ocrx_word' id='word_1_286' title='bbox 651 3813 686 3857; x_wconf 86' lang='grc' dir='ltr'><strong><em>ς</em></strong></span> <span class='ocrx_word' id='word_1_287' title='bbox 709 3796 726 3866; x_wconf 70' lang='lat' dir='ltr'><strong>l}</strong></span> <span class='ocrx_word' id='word_1_288' title='bbox 759 3799 820 3846; x_wconf 86' lang='lat'><strong>15</strong></span> <span class='ocrx_word' id='word_1_289' title='bbox 848 3813 954 3864; x_wconf 92' lang='lat' dir='ltr'><strong>quo</strong></span> <span class='ocrx_word' id='word_1_290' title='bbox 981 3795 1236 3847; x_wconf 88' lang='lat' dir='ltr'><strong>defuncto</strong></span> <span class='ocrx_word' id='word_1_291' title='bbox 1263 3795 1558 3847; x_wconf 87' lang='lat' dir='ltr'><strong>seditiones</strong></span> <span class='ocrx_word' id='word_1_292' title='bbox 1583 3794 1949 3847; x_wconf 88' lang='lat' dir='ltr'><strong>triumuirales</strong></span> <span class='ocrx_word' id='word_1_293' title='bbox 1972 3794 2145 3846; x_wconf 86' lang='lat' dir='ltr'><strong>acrius</strong></span> <span class='ocrx_word' id='word_1_294' title='bbox 2164 3812 2195 3845; x_wconf 85' lang='lat' dir='ltr'><strong>r</strong></span> <span class='ocrx_word' id='word_1_295' title='bbox 2220 3795 2237 3862; x_wconf 78' lang='grc' dir='ltr'><strong>ΙΙ</strong></span> <span class='ocrx_word' id='word_1_296' title='bbox 2270 3797 2331 3846; x_wconf 91' lang='grc'><strong>16</strong></span> <span class='ocrx_word' id='word_1_297' title='bbox 2358 3812 2483 3847; x_wconf 89' lang='lat' dir='ltr'><strong>con-</strong></span> 
     </span>
     <span class='ocr_line' id='line_1_33' title="bbox 357 3870 2483 3942; baseline -0 -18"><span class='ocrx_word' id='word_1_298' title='bbox 357 3881 439 3925; x_wconf 80' lang='lat' dir='ltr'><strong>tra</strong></span> <span class='ocrx_word' id='word_1_299' title='bbox 460 3891 492 3926; x_wconf 87' lang='lat' dir='ltr'><strong>r</strong></span> <span class='ocrx_word' id='word_1_300' title='bbox 517 3874 534 3942; x_wconf 77' lang='lat' dir='ltr'>ss</span> <span class='ocrx_word' id='word_1_301' title='bbox 564 3876 624 3924; x_wconf 84' lang='lat'><strong>17</strong></span> <span class='ocrx_word' id='word_1_302' title='bbox 652 3872 885 3942; x_wconf 70' lang='lat' dir='ltr'><strong>lapydas</strong></span> <span class='ocrx_word' id='word_1_303' title='bbox 917 3874 1215 3923; x_wconf 77' lang='lat' dir='ltr'><strong>Gruterus:</strong></span> <span class='ocrx_word' id='word_1_304' title='bbox 1251 3872 1472 3941; x_wconf 87' lang='lat' dir='ltr'><strong>iapygas</strong></span> <span class='ocrx_word' id='word_1_305' title='bbox 1497 3885 1609 3935; x_wconf 84' lang='grc' dir='ltr'><strong>Νς,</strong></span> <span class='ocrx_word' id='word_1_306' title='bbox 1640 3872 1847 3942; x_wconf 87' lang='lat' dir='ltr'><strong>iapigas</strong></span> <span class='ocrx_word' id='word_1_307' title='bbox 1875 3889 1941 3934; x_wconf 77' lang='grc' dir='ltr'><strong>ςν</strong></span> <span class='ocrx_word' id='word_1_308' title='bbox 1966 3871 1984 3940; x_wconf 83' lang='grc' dir='ltr'><strong>ΙΙ</strong></span> <span class='ocrx_word' id='word_1_309' title='bbox 2012 3874 2069 3922; x_wconf 83' lang='grc'><strong>21</strong></span> <span class='ocrx_word' id='word_1_310' title='bbox 2100 3870 2167 3922; x_wconf 94' lang='lat' dir='ltr'><strong>L.</strong></span> <span class='ocrx_word' id='word_1_311' title='bbox 2196 3889 2277 3922; x_wconf 89' lang='lat' dir='ltr'><strong>om</strong></span> <span class='ocrx_word' id='word_1_312' title='bbox 2302 3888 2334 3921; x_wconf 85' lang='lat' dir='ltr'><strong>r</strong></span> <span class='ocrx_word' id='word_1_313' title='bbox 2360 3872 2376 3938; x_wconf 90' lang='grc' dir='ltr'><strong>ΙΙ</strong></span> <span class='ocrx_word' id='word_1_314' title='bbox 2402 3889 2483 3923; x_wconf 93' lang='lat' dir='ltr'><strong>re-</strong></span> 
     </span>
     <span class='ocr_line' id='line_1_34' title="bbox 327 3946 2483 4019; baseline -0 -18"><span class='ocrx_word' id='word_1_315' title='bbox 327 3993 334 4002; x_wconf 92' lang='lat'><strong>.</strong></span> <span class='ocrx_word' id='word_1_316' title='bbox 356 3950 618 4004; x_wconf 85' lang='lat' dir='ltr'><strong>bellantes</strong></span> <span class='ocrx_word' id='word_1_317' title='bbox 642 3950 870 4018; x_wconf 72' lang='lat' dir='ltr'><strong>Piqkius</strong></span> <span class='ocrx_word' id='word_1_318' title='bbox 896 3948 914 4019; x_wconf 80' lang='grc'><strong>11</strong></span> <span class='ocrx_word' id='word_1_319' title='bbox 939 3948 1022 4000; x_wconf 88' lang='grc' dir='ltr'><strong>Μ.</strong></span> <span class='ocrx_word' id='word_1_320' title='bbox 1051 3966 1135 4000; x_wconf 87' lang='lat' dir='ltr'><strong>om</strong></span> <span class='ocrx_word' id='word_1_321' title='bbox 1163 3966 1228 4011; x_wconf 82' lang='grc' dir='ltr'><strong>ςν</strong></span> <span class='ocrx_word' id='word_1_322' title='bbox 1253 3949 1270 4019; x_wconf 78' lang='grc' dir='ltr'><strong>[Ι</strong></span> <span class='ocrx_word' id='word_1_323' title='bbox 1299 3952 1363 4001; x_wconf 86' lang='grc'><strong>22</strong></span> <span class='ocrx_word' id='word_1_324' title='bbox 1389 3949 1596 4019; x_wconf 89' lang='lat' dir='ltr'><strong>primus</strong></span> <span class='ocrx_word' id='word_1_325' title='bbox 1622 3949 1863 4001; x_wconf 88' lang='lat' dir='ltr'><strong>omnium</strong></span> <span class='ocrx_word' id='word_1_326' title='bbox 1897 3965 1928 3998; x_wconf 82' lang='lat' dir='ltr'><strong>r</strong></span> <span class='ocrx_word' id='word_1_327' title='bbox 1946 3947 1970 4015; x_wconf 83' lang='grc' dir='ltr'><strong>-ΙΙ</strong></span> <span class='ocrx_word' id='word_1_328' title='bbox 1996 3947 2200 4015; x_wconf 87' lang='lat' dir='ltr'><strong>liguras</strong></span> <span class='ocrx_word' id='word_1_329' title='bbox 2224 3959 2276 3998; x_wconf 83' lang='lat' dir='ltr'><em>N</em></span> <span class='ocrx_word' id='word_1_330' title='bbox 2295 3946 2315 4015; x_wconf 79' lang='grc' dir='ltr'><strong>ΙΙ</strong></span> <span class='ocrx_word' id='word_1_331' title='bbox 2339 3948 2483 4000; x_wconf 92' lang='lat' dir='ltr'><strong>bello</strong></span> 
     </span>
     <span class='ocr_line' id='line_1_35' title="bbox 358 4024 2482 4098; baseline -0.002 -15"><span class='ocrx_word' id='word_1_332' title='bbox 358 4030 567 4083; x_wconf 89' lang='lat' dir='ltr'><strong>domuit</strong></span> <span class='ocrx_word' id='word_1_333' title='bbox 592 4047 657 4091; x_wconf 80' lang='grc' dir='ltr'><strong>ςν</strong></span> <span class='ocrx_word' id='word_1_334' title='bbox 683 4030 700 4096; x_wconf 77' lang='grc' dir='ltr'><strong>ῃ</strong></span> <span class='ocrx_word' id='word_1_335' title='bbox 729 4033 790 4081; x_wconf 83' lang='grc'><strong>23</strong></span> <span class='ocrx_word' id='word_1_336' title='bbox 818 4027 1243 4081; x_wconf 88' lang='lat' dir='ltr'><strong>massiliensibus</strong></span> <span class='ocrx_word' id='word_1_337' title='bbox 1271 4046 1336 4090; x_wconf 81' lang='grc' dir='ltr'><strong>ςν</strong></span> <span class='ocrx_word' id='word_1_338' title='bbox 1362 4028 1379 4098; x_wconf 84' lang='grc' dir='ltr'><strong>ΙΙ</strong></span> <span class='ocrx_word' id='word_1_339' title='bbox 1407 4025 1679 4080; x_wconf 89' lang='lat' dir='ltr'><strong>salauuios</strong></span> <span class='ocrx_word' id='word_1_340' title='bbox 1704 4038 1787 4086; x_wconf 84' lang='grc' dir='ltr'><strong>Νς</strong></span> <span class='ocrx_word' id='word_1_341' title='bbox 1802 4064 1815 4088; x_wconf 91' lang='grc'><em>,</em></span> <span class='ocrx_word' id='word_1_342' title='bbox 1847 4024 2098 4076; x_wconf 86' lang='lat' dir='ltr'><strong>Falanios</strong></span> <span class='ocrx_word' id='word_1_343' title='bbox 2122 4042 2153 4075; x_wconf 85' lang='lat' dir='ltr'><strong>r</strong></span> <span class='ocrx_word' id='word_1_344' title='bbox 2178 4026 2194 4094; x_wconf 75' lang='lat' dir='ltr'>ss</span> <span class='ocrx_word' id='word_1_345' title='bbox 2223 4028 2286 4076; x_wconf 85' lang='lat'><strong>24</strong></span> <span class='ocrx_word' id='word_1_346' title='bbox 2312 4043 2482 4096; x_wconf 90' lang='lat' dir='ltr'><strong>popu-</strong></span> 
     </span>
     <span class='ocr_line' id='line_1_36' title="bbox 353 4101 2484 4175; baseline -0.002 -15"><span class='ocrx_word' id='word_1_347' title='bbox 353 4108 604 4160; x_wconf 86' lang='lat' dir='ltr'><strong>labantur</strong></span> <span class='ocrx_word' id='word_1_348' title='bbox 629 4107 761 4159; x_wconf 87' lang='lat' dir='ltr'><strong>fines</strong></span> <span class='ocrx_word' id='word_1_349' title='bbox 785 4104 1200 4158; x_wconf 87' lang='lat' dir='ltr'><strong>massiliensium</strong></span> <span class='ocrx_word' id='word_1_350' title='bbox 1229 4124 1294 4168; x_wconf 77' lang='grc' dir='ltr'><strong>ςν</strong></span> <span class='ocrx_word' id='word_1_351' title='bbox 1319 4105 1336 4175; x_wconf 84' lang='grc' dir='ltr'><strong>ΙΙ</strong></span> <span class='ocrx_word' id='word_1_352' title='bbox 1364 4102 1662 4157; x_wconf 77' lang='lat' dir='ltr'><strong>massiliam</strong></span> <span class='ocrx_word' id='word_1_353' title='bbox 1686 4114 1733 4154; x_wconf 82' lang='lat' dir='ltr'><strong><em>N</em></strong></span> <span class='ocrx_word' id='word_1_354' title='bbox 1758 4103 1774 4172; x_wconf 76' lang='grc' dir='ltr'><strong>ΙΙ</strong></span> <span class='ocrx_word' id='word_1_355' title='bbox 1803 4106 1867 4154; x_wconf 88' lang='grc'><strong>26</strong></span> <span class='ocrx_word' id='word_1_356' title='bbox 1904 4118 1936 4153; x_wconf 97' lang='lat' dir='ltr'><strong>a</strong></span> <span class='ocrx_word' id='word_1_357' title='bbox 1972 4101 2203 4154; x_wconf 89' lang='lat' dir='ltr'><strong>maxime</strong></span> <span class='ocrx_word' id='word_1_358' title='bbox 2237 4103 2484 4156; x_wconf 86' lang='lat' dir='ltr'><strong>multitu-</strong></span> 
     </span>
    </p>
   </div>
   <div class='ocr_carea' id='block_1_6' title="bbox 357 4185 2093 4327">
    <p class='ocr_par' dir='ltr' id='par_1_6' title="bbox 357 4185 2093 4327">
     <span class='ocr_line' id='line_1_37' title="bbox 357 4185 952 4253; baseline -0.007 -14"><span class='ocrx_word' id='word_1_359' title='bbox 357 4187 481 4240; x_wconf 90' lang='lat' dir='ltr'><strong>dine</strong></span> <span class='ocrx_word' id='word_1_360' title='bbox 517 4186 852 4238; x_wconf 82' lang='lat' dir='ltr'><strong>locustarum</strong></span> <span class='ocrx_word' id='word_1_361' title='bbox 877 4202 908 4236; x_wconf 74' lang='grc' dir='ltr'><em>ν</em></span> <span class='ocrx_word' id='word_1_362' title='bbox 935 4185 952 4253; x_wconf 76' lang='grc' dir='ltr'><strong>[Ι</strong></span> 
     </span>
     <span class='ocr_line' id='line_1_38' title="bbox 436 4274 2093 4327; baseline -0.013 -3"><span class='ocrx_word' id='word_1_363' title='bbox 436 4285 643 4324; x_wconf 69' lang='lat' dir='ltr'><strong>LIVIVS.</strong></span> <span class='ocrx_word' id='word_1_364' title='bbox 2061 4274 2093 4327; x_wconf 83' lang='lat'>5</span> 
     </span>
    </p>
   </div>
  </div>
 </body>
</html>
