3052 4823
581 335 640 390 X
1443 348 1839 394 PRAEFATIO.

580 532 914 616 periochae
946 546 1058 595 aut
1089 532 1350 596 seorsim
1373 533 1897 598 describebantur
1928 543 2039 596 aut
2068 556 2216 597 cum
2248 534 2391 600 aliis
2424 523 2712 600 eiusdem

578 639 828 722 generis
869 639 1047 701 libris
1099 639 1515 714 coniunctae,
1581 639 1871 702 omnium
1925 640 2186 722 quidem
2238 642 2519 706 maxime
2562 664 2712 706 cum

581 746 802 820 Floro,
853 755 927 807 ut
957 744 1027 807 in
1057 745 1381 808 codicibus
1413 747 1478 808 N
1483 747 1777 810 azariano
1820 747 2327 831 Guelferbytano
2374 749 2709 813 Vossianis

579 851 782 914 tribus
802 901 821 928 ,
871 873 1019 914 cum
1049 851 1316 914 'Aurelio
1347 853 1607 916 Victore
1653 853 1722 916 in
1764 853 1979 919 codice
2011 855 2701 918 BoendermakerianO.

575 959 850 1040 denique
910 958 980 1020 in
1038 959 1219 1022 libris
1273 959 1659 1042 quibusdam
1712 959 2164 1023 recentissimis
2184 1010 2203 1037 ,
2262 971 2337 1024 ut
2389 962 2707 1026 Vossiano

574 1065 778 1147 primo
811 1065 1164 1129 Loueliano
1196 1066 1590 1142 Oxoniensi,
1624 1089 1844 1130 rursus
1878 1067 2069 1131 Liuio
2098 1066 2495 1150 praepositae
2528 1078 2700 1132 sunt.

507 1249 516 1258 ι
742 1172 1067 1237 Videntur
1099 1183 1314 1235 autem
1344 1173 1465 1236 hae
1494 1173 1831 1256 periochae
1872 1173 2151 1256 primum
2182 1194 2375 1256 quam
2403 1174 2705 1237 breuissi-

465 1317 484 1331 .
573 1273 752 1340 mum
775 1300 992 1360 rerum
1021 1279 1506 1362 praecipuarum
1530 1302 1784 1363 quoque
1813 1281 1975 1343 libro
1998 1290 2397 1342 narratarum
2426 1279 2708 1343 indicem
2772 1364 2785 1373 ἢ

573 1384 961 1461 exhibuisse,
995 1385 1099 1452 cui
1131 1399 1372 1468 postea,
1408 1396 1481 1449 ut
1509 1389 1609 1462 fit,
1646 1386 1756 1448 alii
1787 1387 1913 1449 alia
1940 1387 2325 1450 addiderunt
2350 1395 2703 1469 prout‘me-

574 1502 823 1554 moratu
856 1491 1052 1574 digna
1083 1473 1489 1557 uidebantur.
1541 1493 1663 1555 hoc
1708 1495 2025 1576 quomodo
2064 1493 2307 1556 factum
2350 1493 2433 1557 sit
2462 1494 2705 1578 insigni

573 1599 865 1680 exemplo
895 1598 1043 1660 libri
1071 1599 1263 1682 primi
1293 1601 1567 1664 constat.
1628 1599 2082 1664 breuissimum
2112 1599 2285 1661 enim
2317 1613 2529 1676 rerum
2558 1621 2703 1662 nar-

571 1715 853 1768 ratarum
884 1704 1162 1767 indicem
1193 1706 1528 1788 excipiunt
1558 1705 1811 1768 diuersa
1842 1706 2128 1768 eiusdem
2157 1705 2305 1767 libri
2336 1716 2635 1788 excerpta
2666 1727 2703 1768 a

571 1808 840 1872 diuersis
871 1811 1240 1874 hominibus
1273 1812 1613 1894 adscripta,
1644 1833 1808 1893 quae
1836 1811 1927 1873 ita
1945 1820 2018 1872 ut
2035 1811 2103 1872 in
2120 1810 2445 1896 codicibus
2477 1811 2701 1894 legun-

572 1925 675 1977 tur
698 1917 946 1978 edenda
976 1916 1219 1992 curaui,
1256 1939 1386 1979 non
1404 1927 1477 1979 ut
1505 1917 1657 1979 inde
1683 1918 1763 1979 ab
1793 1917 2072 1979 editione
2101 1918 2399 1978 Romana
2421 1917 2701 1998 interpo-

534 2021 700 2107 ‘lata
729 2030 794 2082 et
823 2021 892 2082 in
927 2023 1216 2088 ordinem
1239 2023 1488 2107 digesta
1511 2023 1919 2086 exhibentur.
1962 2023 2255 2102 similiter
2280 2021 2421 2085 aliis
2446 2042 2700 2104 quoque

562 2125 740 2189 libris
773 2149 810 2190 a
841 2129 1108 2198 diuersis
1140 2129 1510 2192 hominibus
1543 2131 1857 2212 quaedam
1897 2129 2142 2192 addita·
2166 2151 2302 2192 esse
2339 2129 2516 2191 haud
2555 2148 2699 2190 raro

564 2231 908 2314 inpeditior
938 2236 1246 2300 sermonis
1288 2236 1587 2298 iunctura
1628 2235 2057 2319 suspicionem
2086 2235 2275 2311 facit,
2327 2237 2404 2297 de
2434 2234 2698 2317 quibus-

565 2341 714 2402 dam
743 2340 900 2404 locis
932 2342 1513 2410 certiusiudicium
1538 2343 1692 2405 ferri
1717 2351 1948 2426 potest.
2010 2341 2251 2404 etenim
2280 2342 2452 2425 quod
2482 2361 2546 2423 p.
2588 2345 2692 2416 28,

567 2454 624 2508 8.
680 2455 783 2523 40,
829 2455 924 2511 11.
977 2456 1180 2530 44,6.
1239 2459 1393 2526 105,
1434 2456 1468 2510 6
1523 2451 1839 2533 quaedam
1891 2449 1961 2511 in
2014 2448 2339 2512 codicibus
2393 2470 2524 2511 non
2578 2468 2696 2509 suo

560 2556 699 2617 loco
729 2555 940 2637 posita
970 2519 1296 2650 leguntur,
1331 2556 1399 2619 id
1428 2557 1581 2620 inde
1604 2557 1847 2618 factum
1869 2577 2007 2618 esse
2036 2564 2236 2637 patet,
2272 2556 2442 2637 quod
2472 2562 2696 2635 postea

559 2661 864 2723 demum
847 2684 918 2722 111
947 2662 1235 2743 margine
1267 2649 1486 2725 addita
1517 2664 1597 2725 ab
1630 2662 1884 2743 aliqu0‚
1934 2660 2046 2742 qui
2089 2661 2246 2722 haec
2277 2680 2531 2741 quoque
2562 2680 2693 2720 me-

558 2778 813 2829 moratu
845 2767 1044 2849 digna
1087 2768 1420 2843 censebat,
1468 2768 1631 2830 falso
1678 2768 1817 2829 loco
1862 2765 2239 2847 interposita
2284 2775 2457 2827 sunt.
2528 2775 2593 2827 et
2622 2785 2687 2846 p.

562 2879 664 2947 51,
703 2878 762 2933 9.
819 2878 921 2947 58,
963 2879 995 2932 3
1027 2873 1316 2935 Africani
1349 2895 1706 2955 cognomen
1738 2872 1963 2935 ceteris
1995 2870 2366 2933 nominibus
2397 2870 2692 2933 inaudito

554 2996 729 3037 more
759 2974 1166 3040 interiectum
1198 2978 1340 3061 quis
1389 2979 1644 3042 dubitat
1694 2979 1851 3061 quin
1898 2979 1975 3040 ab
2021 2976 2237 3059 aliquo
2276 2977 2553 3061 margini
2584 2979 2693 3039 ad-

557 3080 868 3163 scriptum
899 3083 982 3146 sit
1001 3133 1020 3160 ,
1072 3084 1183 3167 qui
1228 3080 1596 3168 Scipionem
1626 3086 1717 3149 eis
1748 3086 1904 3149 locis
1936 3096 2505 3147 commemoratum
2536 3104 2712 3157 61111--

553 3186 698 3249 dem
730 3210 880 3251 cum
911 3190 1215 3253 Africano
1249 3214 1386 3255 esse
1439 3193 1833 3254 monendum
1878 3190 2175 3253 duxerit?
2224 3210 2614 3274 quamquam
2635 3188 2691 3251 si

555 3292 698 3373 quis
730 3293 886 3356 haec
919 3298 1000 3357 ad
1029 3295 1361 3359 librarium
1407 3298 1641 3379 potius
1670 3318 1863 3378 quam
1904 3300 1991 3359 ad
2037 3308 2362 3359 attentum
2408 3296 2689 3378 aliquem

558 3397 729 3460 Liuii
759 3399 1068 3492 lectorem
1084 3402 1314 3463 referre
1337 3402 1546 3477 malit,
1582 3402 1878 3483 equidem
1902 3424 2033 3465 non
2058 3404 2455 3485 repugnabo.
2491 3400 2685 3463 huius

551 3504 724 3565 enim
753 3506 1003 3586 generis
1029 3507 1510 3569 adnotationem
1544 3529 1703 3583 esse,
1738 3529 1901 3589 quae
1920 3514 1984 3589 p.
2012 3512 2203 3584 25,12
2230 3509 2301 3570 in
2324 3507 2688 3571 Nazariano

551 3608 787 3691 legitur
809 3604 1009 3693 ‘qaod
1033 3612 1236 3675 subito
1281 3621 1343 3675 et
1379 3612 1577 3675 nimio
1622 3612 1763 3695 quis
1804 3613 2043 3697 ιᾳαιιιῖιό
2088 3606 2447 3677 moriatur'·
2478 3623 2683 3696 patet,

549 3736 742 3797 quare
774 3737 917 3777 eam
947 3718 1222 3801 recipere
1253 3718 1456 3780 nolui.
1525 3728 1590 3780 et
1632 3734 1783 3780 cum
1820 3718 1889 3780 in
1940 3722 2163 3781 eodem
2208 3719 2424 3782 codice
2468 3740 2533 3801 p.
2578 3726 2680 3793 70,

552 3828 630 3883 20
662 3822 916 3905 legatur
957 3807 1313 3885 maritimos
1345 3825 1709 3905 praedones
1742 3824 1817 3887 id
1855 3834 1951 3887 est
1977 3808 2278 3906 piratas}
2344 3825 2413 3886 in
2458 3823 2683 3887 ceteris

553 3938 808 3991 tantum
837 3928 1190 3991 maritimos
1209 3930 1595 4010 praedoneS,
1636 3940 1930 4012 apertum
1962 3940 2059 3992 est
2089 3928 2550 4011 in‘antiquiore
2581 3950 2682 3990 co-

549 4032 686 4094 dice
727 4035 922 4096 uerbo
947 4034 1210 4116 piratas
1256 4034 1648 4117 adscriptum
1679 4034 1876 4097 fuisse
1914 4034 1959 4096 i.
2009 4034 2362 4097 maritimos
2401 4036 2681 4117 praedo-

551 4126 693 4205 nes}
757 4162 923 4201 onae
966 4141 1161 4202 uerba
1204 4141 1340 4203 sola
1382 4140 1452 4202 in
1497 4162 1647 4203 eum
1692 4138 1975 4202 codicem
2028 4140 2447 4223 transscripta
2500 4148 2677 4213 sunt,
