3052 4823
1245 369 1308 410 T.
1346 367 1487 411 1,1v1
1522 366 1717 409 1--11.
2508 348 2545 408 7

413 519 720 584 scindunt
738 566 760 595 ,
811 518 992 582 solus
1032 519 1340 580 Etruscos
1369 516 1686 581 sustinuit
1716 525 1782 579 et
1810 524 2007 598 ponte
2036 526 2227 598 rupto
2258 526 2543 580 armatus
2602 591 2699 606 Μ

410 622 482 684 in
511 621 757 684 flumen
789 639 856 683 se
885 619 1064 684 misit
1093 630 1159 683 et
1199 620 1284 682 ad
1325 640 1474 682 suos
1521 600 1935 706 transnauinj
1962 617 2227 682 accessit
2271 596 2615 681 alterum&

408 721 672 786 uirtutis
718 722 1089 825 effaemplum
1131 743 1172 784 a
1213 721 1455 784 Mucio,
1535 721 1649 804 qui
1693 741 1843 784 cum
1886 720 1967 783 ad
1994 719 2355 782 feriendum
2389 721 2544 784 Por-

415 845 682 888 sennam
705 835 916 888 castra
943 823 1232 887 hostium
1253 823 1580 900 intrasset,
1614 822 1823 886 occiso
1846 819 2079 898 scriba,
2114 839 2309 904 quem
2329 840 2547 905 regem

349 941 379 992 5
411 949 548 992 esse
595 925 1079 990 existimauerat
1095 973 1116 1002 ‚
1165 925 1643 1007 conprehensus
1690 922 2037 1007 inpositam
2074 945 2342 987 manum
2387 924 2545 987 alta-

413 1029 614 1106 ribuS,
676 1028 748 1091 in
777 1025 1012 1112 quibus
1044 1027 1473 1091 sacrificatum
1503 1038 1639 1090 erat
1656 1075 1678 1104 ,
1740 1026 1925 1090 exuri
1954 1047 2181 1110 passus
2225 1035 2322 1089 est
2352 1015 2544 1088 dixit-

414 1153 538 1214 que
569 1130 730 1194 tales
763 1140 1079 1194 trecentos
1111 1151 1248 1194 esse
1278 1129 1644 1193 coniuratos
1660 1128 1755 1191 -in
1798 1139 2074 1192 mortem
2114 1127 2318 1211 ipsius
2349 1127 2539 1211 regis.

415 1253 686 1316 quorum
731 1231 1155 1296 admiratione
1207 1241 1475 1295 coactus·
1519 1233 1855 1294 Porsenna
1909 1229 2085 1314 pacis
2138 1229 2674 1325 condiciones-*W

413 1334 576 1397 ferre
634 1334 880 1422 bellum
925 1333 1142 1397 omisit
1197 1333 1472 1418 acceptis
1513 1315 1911 1436 obsidibus?
1942 1353 2023 1396 ex
2067 1330 2300 1414 quibus
2358 1322 2545 1414 uirgo

317 1449 383 1499 10
412 1459 546 1499 una
575 1435 822 1499 Cloelia
851 1435 1132 1518 deceptis
1176 1437 1549 1501 custodibus
1589 1457 1704 1519 per
1734 1435 2019 1499 Tiberim
2048 1435 2129 1497 ad
2160 1455 2308 1497 suos
2340 1443 2545 1496 trans·

415 1538 602 1601 nauit
633 1549 719 1614 et,
757 1559 906 1600 cum
935 1537 1186 1601 reddita
1215 1547 1407 1614 esset,
1443 1560 1481 1601 a
1512 1540 1846 1601 Porsenna
1872 1519 2221 1600 honorifice
2250 1535 2539 1612 remissa,

414 1633 693 1722 equestri
723 1648 936 1702 statua
968 1641 1207 1702 donata
1237 1649 1356 1703 est.
1394 1642 1702 1704 aduersus
1718 1638 2147 1722 Tarquinium
2180 1638 2546 1721 Superbum

417 1765 566 1806 cum
597 1741 978 1805 Latinorum
1018 1741 1310 1822 ¹exercitu
1350 1742 1596 1806 bellum
1629 1742 2015 1804 inferentem
2055 1741 2266 1804 Aulus
2311 1741 2544 1803 Postu·

413 1844 582 1908 mius
613 1843 885 1908 dictator
913 1866 1212 1928 prospere
1242 1843 1587 1929 pugnauit.
1636 1845 1763 1927 Ap.
1802 1844 1962 1907 Clau
1972 1843 2115 1906 dius
2160 1864 2241 1906 ex
2285 1840 2545 1905 Sabinis

321 1959 383 2008 15
415 1948 694 2009 Romam
748 1946 1120 2030 transfugit.
1182 1945 1262 2011 ob
1299 1947 1423 2010 hoc
1465 1946 1741 2009 Claudia
1783 1946 1985 2009 tribus
2028 1945 2271 2008 adiecta
2315 1954 2383 2006 >et
2424 1966 2558 2042 nus⁴
2673 2034 2681 2040 ,
2749 2005 2787 2046 :a

415 2069 627 2111 merus
659 2047 945 2110 tribuum
973 2048 1319 2131 ampliatus
1350 2059 1447 2112 est
1463 2097 1484 2126 ,
1532 2059 1607 2111 ut
1638 2059 1850 2112 essent
1888 2048 2129 2131 uiginti
2158 2071 2312 2111 una.
2337 2031 2549 2159 xpleps

417 2169 566 2212 cum
594 2160 853 2232 propter
881 2169 1080 2214 nexos
1112 2152 1192 2213 ob
1243 2173 1348 2214 aes
1380 2150 1667 2214 alienum
1709 2151 1780 2212 in
1824 2168 2077 2214 sacrum
2120 2163 2409 2231 montem
2451 2172 2545 2213 se-

417 2249 745 2326 cessisset,
801 2249 1069 2314 consilio
1122 2253 1390 2338 Meneni
1430 2253 1756 2337 Agrippae
1799 2276 1837 2317 a
1880 2253 2193 2317 seditione
2248 2245 2548 2317 reuocata.

418 2363 536 2417 est.
606 2353 778 2417 idem
818 2353 1108 2439 Agrippa
1157 2377 1304 2418 cum
1350 2355 1760 2432 decessisset,
1807 2365 2064 2441 propter
2103 2364 2546 2441 paupertatem

319 2467 385 2519 20
414 2456 671 2547 publi-co
701 2456 1006 2539 inpendio
1052 2457 1258 2520 elatus
1302 2466 1419 2519 est.
1447 2450 1473 2549 J
1487 2456 1735 2520 tribuni
1776 2457 1982 2540 plebis
2026 2457 2309 2541 quinque
2350 2442 2607 2520 creati*
2712 2478 2718 2485 ·

419 2570 592 2623 sunt.
671 2558 981 2642 oppidum
1025 2560 1413 2623 Vulscorum
1453 2558 1695 2622 Corioli
1736 2569 2000 2643 captum
2042 2568 2139 2622 est
2177 2558 2422 2621 uirtute
2482 2570 2547 2622 et

421 2682 610 2744 opera
654 2663 777 2725 Cn.
827 2660 1072 2739 Marci,
1137 2660 1250 2745 qui
1293 2661 1373 2724 ob
1401 2661 1524 2724 hoc
1556 2661 1937 2726 Coriolanus
1969 2669 2237 2725 uocatus
2268 2671 2385 2725 est.
2460 2662 2537 2724 Τ.

415 2762 754 2839 LatiniuS‚
816 2763 918 2827 uir
950 2765 1029 2827 de
1057 2764 1277 2848 plebe,
1324 2782 1474 2825 cum
1511 2762 1582 2825 in
1614 2762 1763 2828 uisu
1794 2764 2159 2828 admonitus
2190 2773 2266 2826 ut
2296 2763 2374 2825 de
2405 2762 2543 2846 qui-

417 2862 691 2928 busdam
731 2864 1148 2949 religionibus
1193 2866 1276 2928 ad
1319 2876 1617 2929 senatum
1657 2866 1961 2949 perferret
2018 2866 2086 2929 id
2128 2865 2540 2948 neglexisset,

320 2978 386 3029 25
418 2968 655 3031 amisso
699 2967 835 3031 filio
879 2966 1149 3051 pedibus
1194 2962 1420 3032 debilis
1461 2969 1669 3033 factus
1688 3018 1709 3045 ,
1771 2979 2113 3053 postquam
2165 2967 2415 3030 delatus
2464 2969 2546 3031 ad

420 3080 718 3133 senatum
743 3068 971 3133 lectica
1017 3071 1236 3133 eadem
1270 3069 1384 3132 illa
1411 3068 1834 3147 indicauerat,
1870 3093 1993 3134 usu
2021 3072 2261 3154 pedum
2291 3084 2598 3163 recept-9„

421 3172 684 3234 domum
713 3194 1008 3235 reuersus
1039 3182 1155 3235 est.
1205 3194 1354 3235 cum
1385 3172 1507 3238 Cn.
1546 3172 1833 3236 Marcius
1876 3171 2255 3239 Coriolanus
2274 3221 2293 3249 ,
2339 3174 2452 3256 qui
2475 3174 2544 3237 in

419 3272 691 3336 exilium
720 3284 855 3336 erat
883 3273 1108 3357 pulsus
1128 3322 1148 3349 ,
1197 3275 1334 3337 dux
1361 3274 1751 3339 Vulscorum
1778 3275 1985 3339 factus
2038 3272 2390 3337 exercitum
2432 3273 2544 3339 ho-

417 3374 616 3438 stium
659 3375 804 3439 urbi
860 3366 1288 3453 admouisset,
1326 3387 1392 3439 et
1445 3376 1630 3440 missi
1682 3377 1764 3439 ad
1807 3399 1956 3440 eum
1993 3376 2276 3461 primum
2318 3378 2539 3462 legati,

323 3488 388 3539 30
409 3487 642 3560 postea
671 3478 1026 3541 sacerdotes
1056 3478 1293 3542 frustra
1321 3478 1646 3563 deprecati
1675 3490 1886 3543 essent
1916 3503 1999 3543 ne
2026 3480 2272 3544 bellum
2302 3482 2547 3564 patriae

423 3738 445 3787 1
475 3728 654 3789 ¹'fonte
675 3746 724 3789 Ν
748 3735 765 3805 ΙΙ
793 3740 824 3789 2
850 3754 907 3790 se
932 3736 989 3789 in
1011 3736 1214 3791 flumen
1238 3756 1270 3790 r
1294 3738 1312 3808 ΙΙ
1338 3738 1571 3792 alterum
1608 3739 1837 3792 accessit
1862 3757 1928 3802 ςν
1954 3740 1971 3809 ΙΙ
1999 3745 2028 3792 5
2063 3743 2292 3812 putabat
2314 3760 2346 3794 r
2371 3743 2388 3811 ΙΙ
2415 3743 2548 3796 alta-

416 3814 568 3868 ribus
601 3832 824 3869 manum
859 3834 890 3869 r
915 3816 934 3886 ΙΙ
961 3821 990 3869 7
1028 3816 1336 3870 coniuratos
1366 3844 1426 3857 —-··
1452 3816 1597 3887 regis
1636 3836 1721 3871 om
1742 3830 1827 3881 Νς
1850 3820 1869 3889 ΙΙ
1901 3822 1957 3871 11
1988 3838 2021 3873 a
2043 3838 2127 3874 om
2150 3822 2243 3890 ΝΗ
2270 3825 2331 3875 12
2358 3838 2547 3892 eques-

414 3892 594 3962 trique
618 3910 650 3944 r
674 3894 692 3963 ss
723 3896 784 3945 13
811 3895 1138 3963 posthumus
1159 3894 1248 3965 Nl}
1279 3897 1342 3946 14
1379 3895 1651 3965 pugnauit
1689 3897 1836 3967 apud
1858 3896 2037 3951 lacum
2060 3898 2340 3968 Regillum
2377 3916 2408 3951 r
2434 3899 2452 3968 ΙΙ
2486 3901 2547 3951 15

417 3976 474 4023 et
495 3969 723 4039 compsi:
763 3977 847 4023 est
881 3982 995 4034 Νςν
1021 3973 1430 4042 ”numerusque
1475 3990 1511 4034 ς
1534 3972 1553 4041 ΙΙ
1581 3976 1650 4025 22
1683 3974 1743 4028 C.
1782 3974 1979 4027 Marcii
2014 3974 2265 4044 Siyom'm
2292 3974 2311 4045 ΙΙ
2337 3978 2401 4028 23
2442 3974 2548 4028 La-

415 4048 586 4102 tinius
614 4048 866 4118 Siqom'us
881 4071 900 4101 .·
925 4050 1130 4103 latinus
1151 4061 1266 4113 Νςν
1290 4050 1308 4119 ΙΙ
1334 4050 1646 4103 admonitus
1681 4059 1825 4105 esset
1846 4069 1879 4103 r
1903 4052 1921 4121 fl
1948 4055 2013 4103 24
2037 4050 2355 4123 regionibus
2376 4052 2467 4125 ΝΗ
2490 4053 2548 4106 id

415 4125 894 4180 Drakenborchim
909 4147 928 4178 .-
978 4134 1034 4181 et
1069 4140 1184 4191 Νςν
1221 4130 1240 4199 ss
1278 4132 1343 4181 27
1381 4128 1685 4182 cariolanus
1719 4140 1765 4182 Ν
1791 4130 1809 4199 11
1846 4132 1913 4182 29
1956 4130 2079 4183 urbi
2115 4144 2297 4185 romae
2324 4148 2359 4194 ς
2373 4170 2387 4194 ,
2427 4131 2550 4183 urbi

416 4206 590 4275 primo
615 4224 646 4258 r
671 4206 690 4275 u
