3052 4823
1225 389 1286 430 T.
1324 387 1466 431 L1V1
1499 387 1770 431 1111-——v.
2482 373 2552 431 11

432 538 608 599 deret
626 584 647 613 ,
680 535 963 620 proditos
993 536 1281 600 hostium
1307 537 1476 602 filios
1504 537 1880 621 parentibus
1926 526 2170 602 remisit
2214 539 2560 623 statimque

434 638 760 702 deditione
818 638 986 701 facta
1030 638 1428 702 Faliscorum
1480 639 1820 703 uictoriam
1876 640 2127 704 iustitia
2178 650 2560 705 consecutus

435 750 556 825 est.
605 761 754 803 cum
785 739 945 804 alter
974 761 1056 802 ex
1085 741 1450 805 censoribus
1481 743 1558 806 C.
1581 742 1791 806 Iulius
1822 742 2220 820 decessisset,
2255 743 2562 806 inlocum

435 843 574 907 eius
605 843 700 905 Μ.
738 842 1076 906 Cornelius
1107 842 1412 907 suffectus
1443 853 1562 907 est.
1613 866 1735 907 nec
1773 844 1843 907 id
1882 856 2107 928 postea
2147 846 2393 908 factum
2435 857 2556 922 est,

371 961 402 1009 5
433 945 738 1030 quoniam
768 966 843 1008 eo
873 945 1080 1008 lustro
1110 967 1150 1008 a
1177 945 1389 1008 Gallis
1420 947 1632 1009 Roma
1662 957 1850 1029 capta
1879 957 1995 1010 est.
2046 947 2282 1010 Furius
2320 946 2561 1011 Camil-

434 1049 572 1124 luS,
639 1069 786 1110 cum
831 1046 893 1108 ei
937 1045 1072 1110 dies
1103 1049 1182 1110 ab
1215 1051 1290 1111 L.
1316 1045 1607 1131 ‘Apuleio
1639 1047 1895 1112 tribuno
1924 1048 2131 1131 plebis
2162 1049 2335 1113 dicta
2364 1062 2558 1125 esset,

433 1150 504 1214 in
535 1149 802 1212 exilium
833 1149 1015 1212 abiit.
1066 1173 1214 1214 cum
1245 1150 1424 1214 Galli
1455 1151 1742 1215 Senones
1774 1150 2074 1215 Clusium
2102 1150 2467 1213 obsiderent
2497 1160 2563 1214 et

435 1251 635 1336 legati
663 1274 702 1314 a
731 1262 962 1314 senatu
989 1251 1170 1316 missi
1199 1255 1282 1316 ad
1311 1255 1799 1337 conponendam
1827 1252 1998 1316 inter
2028 1275 2133 1316 eos
2165 1263 2229 1315 et
2260 1251 2562 1316 Clusinos

434 1376 659 1439 pacem
686 1365 1054 1437 pugnantes
1083 1361 1304 1418 contra
1332 1356 1558 1419 Gallos
1588 1355 1659 1418 in
1704 1355 1839 1428 acie
1868 1355 2283 1419 Clusinorum
2329 1397 2357 1425 ..
2373 1404 2392 1432 ,
2439 1356 2565 1420 hoc

276 1527 282 1532 ,
345 1470 406 1520 10
438 1457 608 1520 facto
639 1477 859 1519 eorum
889 1455 1194 1520 concitati
1211 1457 1496 1520 Senones
1528 1459 1753 1521 urbem
1782 1457 2017 1520 infesto
2048 1457 2334 1520 exercitu
2362 1457 2563 1539 petie-

437 1573 591 1622 runt
647 1557 934 1641 fusisque
990 1561 1071 1623 ad
1122 1559 1340 1623 Aliam
1383 1559 1698 1622 Romanis
1768 1579 1990 1641 cepere
2036 1560 2263 1622 urbem
2315 1569 2566 1642 praeter

438 1660 858 1745 Capitolium,
892 1683 1018 1744 quo
1049 1683 1116 1724 se
1144 1660 1454 1724 iuuentus
1485 1660 1847 1724 contulerat
1858 1686 1877 1738 ;
1926 1661 2195 1724 maiores
2225 1670 2388 1724 natu
2416 1681 2566 1722 cum

444 1763 810 1846 insignibus
867 1763 1186 1826 honorum
1243 1785 1404 1846 quos
1446 1763 1719 1847 quisque
1757 1773 2041 1848 gesserat
2099 1763 2171 1827 in
2221 1761 2565 1826 uestibulis

439 1867 698 1931 aedium
727 1867 1019 1928 sedentes
1063 1865 1455 1929 occiderunt.
1519 1874 1585 1928 et
1624 1888 1775 1929 cum
1817 1887 1933 1949 per
1979 1887 2272 1953 auersam
2315 1873 2566 1948 partem

344 1983 407 2032 15
437 1967 746 2053 Capitolii
774 1967 906 2030 iam
933 1967 1006 2030 in
1035 1989 1360 2031 summum
1399 1968 1792 2046 euasissent,
1839 1967 2080 2052 proditi
2124 1967 2421 2050 clangore
2453 1987 2564 2028 an-

439 2093 653 2135 serum
699 2071 795 2134 M.
848 2069 1085 2134 Manlii
1125 2069 1467 2154 praecipue
1528 2093 1719 2155 opera
1789 2070 2021 2134 deiecti
2072 2078 2247 2132 sunt.
2328 2065 2565 2130 coactis

439 2173 670 2236 deinde
721 2182 980 2256 propter
1029 2173 1267 2236 famem
1317 2174 1633 2238 Romanis
1693 2195 1769 2236 eo
1820 2172 2201 2235 descendere
2257 2179 2333 2232 ut
2388 2168 2566 2231 mille

439 2276 654 2360 pondo
686 2274 826 2337 auri
857 2277 1081 2337 darent
1111 2284 1177 2338 et
1203 2275 1328 2338 hoc
1371 2277 1578 2358 pretio
1617 2279 1817 2339 finem
1859 2272 2210 2337 obsidionis
2252 2280 2559 2347 emerent,

447 2377 684 2443 Furius
716 2376 1050 2454 Camillus,
1088 2376 1362 2441 dictator
1391 2379 1619 2443 absens
1652 2387 1924 2453 creatUS,
1962 2375 2129 2439 inter
2170 2374 2388 2457 ipsum
2418 2394 2566 2436 con-

343 2494 408 2543 20
437 2482 729 2564 loquium
744 2527 766 2556 ,
812 2500 937 2561 quo
969 2481 1047 2543 de
1076 2480 1250 2562 pacis
1281 2480 1767 2544 condicionibus
1799 2480 2108 2563 agebatur
2124 2524 2145 2553 ,
2209 2498 2361 2539 cum
2391 2496 2565 2537 exer·

442 2583 576 2647 citu
604 2581 787 2646 uenit
818 2592 882 2644 et
912 2581 1138 2645 Gallos
1168 2593 1314 2665 post
1345 2594 1604 2647 sextum
1646 2604 1937 2645 mensem
1976 2581 2131 2643 urbe
2172 2576 2425 2659 expulit
2468 2598 2566 2639 ce-

442 2685 748 2768 ciditque.
798 2684 1044 2747 dictum
1073 2694 1171 2748 est
1199 2687 1281 2749 ad
1311 2686 1508 2751 Veios
1549 2684 1961 2768 migrandum
2004 2703 2139 2745 esse
2182 2688 2439 2763 propter
2468 2678 2567 2741 in-

439 2808 698 2851 censam
727 2796 792 2849 et
820 2786 1103 2849 dirutam
1130 2789 1355 2851 urbem
1371 2836 1390 2865 ,
1429 2789 1600 2871 quod
1631 2785 1973 2851 consilium
2004 2783 2279 2847 Camillo
2310 2790 2568 2845 auctore

441 2890 804 2953 discussum
833 2897 952 2950 est.
1017 2889 1225 2952 mouit
1252 2890 1567 2974 populum
1595 2889 1775 2954 uocis
1806 2909 2059 2971 quoque
2091 2908 2279 2949 omen
2312 2907 2392 2947 ex
2422 2906 2567 2947 cen-

345 3004 410 3054 25
438 2990 696 3056 tutione
726 2989 984 3053 auditae
999 3038 1018 3067 ,
1057 2990 1169 3073 qui
1197 3013 1346 3055 cum
1376 2992 1446 3054 in
1475 2993 1687 3055 forum
1714 2980 2025 3065 uenisset,
2059 2985 2569 3071 manipularibus

445 3092 578 3157 suis
609 3092 860 3155 dixerat
883 3086 1013 3155 ‘sta
1039 3092 1226 3156 miles
1241 3142 1261 3169 ,
1297 3093 1402 3155 hic
1431 3094 1674 3177 optime
1702 3081 2150 3155 manebi1nus³.
2203 3090 2391 3150 aedes
2423 3084 2570 3148 Ioui

442 3193 812 3278 Capitolino
841 3195 1011 3257 facta
1041 3204 1138 3257 est
1152 3243 1171 3271 ,
1223 3197 1395 3278 quod
1440 3204 1592 3259 ante
1632 3195 1862 3257 urbem
1903 3201 2157 3276 captam
2187 3211 2317 3253 uox
2348 3187 2571 3251 audita

445 3307 582 3361 erat
610 3299 960 3360 aduentare
989 3297 1238 3361 Gallos.

445 3616 474 3663 3
499 3612 734 3666 Emilius
759 3630 790 3664 r
815 3611 833 3682 ΙΙ
861 3617 892 3664 4
935 3618 1077 3665 esset
1103 3632 1138 3675 ς
1162 3613 1179 3682 ΙΙ
1209 3616 1240 3666 6
1281 3613 1332 3665 ei
1355 3630 1439 3665 om
1462 3624 1511 3665 N
1536 3611 1553 3681 [l
1582 3616 1609 3664 7
1637 3612 1752 3667 abit
1772 3626 1823 3667 N
1844 3614 1861 3685 ss
1888 3613 2048 3683 gallis
2070 3624 2120 3666 N
2140 3612 2159 3683 ΙΙ
2186 3626 2417 3663 senones
2442 3605 2574 3678 galli

445 3706 510 3753 ςν
535 3689 552 3759 ΙΙ
579 3692 611 3743 9
631 3698 940 3760 pugnarent
959 3708 996 3760 y
1023 3690 1040 3758 ΙΙ
1068 3690 1400 3743 clusinorum
1427 3690 1705 3744 stetissent
1730 3708 1821 3756 ςν,
1864 3692 2196 3744 clusinorum
2238 3694 2446 3741 starent
2472 3706 2505 3749 ς
2530 3686 2549 3755 [l

445 3772 506 3821 10
532 3768 732 3822 intesto
756 3781 807 3821 N
827 3769 844 3839 11
877 3773 934 3821 11
964 3768 1163 3821 Alliam
1197 3769 1398 3822 flumen
1437 3787 1468 3821 r
1493 3769 1511 3839 ΙΙ
1544 3774 1604 3821 12
1632 3770 1690 3823 in
1714 3788 1823 3840 quo
1846 3784 1954 3841 Ny,
2000 3772 2056 3823 in
2095 3770 2244 3841 quod
2286 3785 2351 3831 ςν
2376 3768 2394 3837 ΙΙ
2421 3767 2574 3819 iuue-

445 3865 542 3901 nes
568 3849 913 3902 contulerant
939 3867 1004 3911 ςν
1029 3848 1048 3919 ΙΙ
1080 3852 1138 3900 14
1168 3847 1482 3903 ceciderunt
1509 3869 1544 3911 ς
1568 3850 1587 3918 ss
1619 3853 1681 3903 16
1707 3850 1902 3903 Manili
1942 3864 2025 3913 Νς
2051 3850 2067 3919 ΙΙ
2095 3847 2297 3902 detecti
2332 3859 2417 3909 Νς
2441 3845 2458 3915 ΙΙ
2486 3864 2572 3899 co·

443 3926 550 3978 acti
575 3957 638 3965 —
675 3928 885 3980 romani
919 3928 1000 3997 911
1032 3930 1091 3979 17
1136 3945 1200 3981 eo
1235 3927 1344 3980 add
1381 3927 1717 3980 Gronouius:
1767 3946 1850 3981 om
1887 3940 2002 3991 Νςν
2045 3929 2061 3998 fl
2103 3926 2440 3996 despondere
2475 3924 2549 3994 ru

445 4003 590 4072 pacti
629 4011 759 4055 sunt
795 4010 854 4056 ut
873 4022 910 4073 q
937 4004 956 4075 ss
986 4008 1048 4057 18
1075 4012 1139 4058 ut
1161 4004 1264 4057 hoc
1301 4015 1386 4067 Νς
1425 4004 1442 4073 ΙΙ
1485 4007 1547 4055 19
1574 4005 1714 4055 inter
1736 4004 2085 4073 pendendum
2110 4019 2303 4056 aurum
2329 4018 2452 4055 cum
2476 4019 2507 4053 r
2532 4002 2549 4072 ΙΙ

445 4084 510 4133 25
545 4081 920 4151 manipulariis
955 4100 987 4133 r
1012 4081 1030 4152 ΙΙ
1073 4086 1138 4134 26
1173 4082 1281 4135 Αἰο
1319 4080 1551 4134 Locutio
1603 4078 1851 4147 Siqonius
1878 4079 1897 4150 ΙΙ
1924 4083 1987 4133 27
2013 4097 2123 4149 quo
2159 4078 2281 4132 loco
2319 4096 2351 4131 r
2374 4078 2393 4149 ΙΙ
