3052 4823
1095 340 1157 382 T.
1194 319 1338 382 Lrvr
1367 308 1838 383 xo111—xovr1.
2460 320 2540 383 87

403 511 552 573 gem
581 486 780 553 uariis
808 487 966 551 bem
995 510 1069 551 ac
1099 488 1585 575 naufragiorum
1614 488 1867 553 casibus
1911 489 2188 555 fractum
2230 490 2441 573 coegit
2471 490 2543 553 in

405 593 694 655 Pontum
722 590 1078 675 profugere.

1143 828 1272 890 EX
1318 827 1494 890 LIB.
1544 826 1796 891 XCVI.
1880 777 1888 787 ’

163 986 178 1000 ’
279 1052 291 1063 .
405 998 487 1064 Q.
523 995 750 1059 Arrius
779 1006 1032 1079 praetor
1063 997 1328 1062 Crixum
1360 996 1790 1079 fugitiuorum
1834 997 2065 1059 ducem
2108 979 2387 1059 cum-x}
2425 995 2538 1059 ho-

339 1112 370 1160 5
401 1098 652 1161 minum
685 1098 942 1162 cecidit.
1022 1101 1145 1163 Cn.
1183 1100 1501 1163 Lentulus
1547 1120 1676 1163 cos,
1712 1099 1881 1161 male
1923 1100 2231 1162 aduersus
2277 1098 2537 1181 Sparta-

405 1223 557 1265 cum
579 1200 921 1284 pugnauit.
959 1202 1038 1263 ab
1070 1202 1294 1264 eodem
1324 1202 1401 1263 L.
1433 1201 1689 1265 Gellius
1721 1223 1849 1264 cos.
1888 1211 1952 1263 et
1984 1202 2067 1268 Q.
2102 1199 2328 1263 Arrius
2358 1222 2538 1284 prae-

408 1312 507 1365 tor
536 1301 673 1365 acie
702 1301 863 1363 uicti
893 1312 1068 1365 sunt.
1152 1302 1472 1366 Sertorius
1519 1324 1558 1365 a
1598 1304 1695 1365 M.
1757 1305 2083 1384 Perperna
2128 1311 2194 1364 et
2236 1300 2352 1365 Μ’.
2399 1301 2537 1365 An-

402 1402 582 1466 tonio
628 1412 695 1466 et
749 1403 893 1467 aliis
940 1403 1290 1467 coniuratis
1321 1404 1390 1467 in
1425 1404 1731 1468 conuiuio
1761 1404 2135 1466 interfectus
2180 1413 2278 1467 est
2308 1414 2537 1468 octauo

403 1506 677 1568 ducatus
708 1504 810 1568 sui
839 1527 1010 1567 anno
1024 1530 1044 1581 3
1080 1527 1354 1588 magnus
1387 1506 1522 1568 dux
1554 1515 1618 1568 et
1664 1507 1971 1568 aduersus
2002 1507 2163 1568 duos
2194 1504 2535 1587 imperato·

308 1618 373 1668 10
403 1628 502 1669 res
534 1606 923 1689 Pompeium
958 1617 1023 1670 et
1054 1608 1400 1671 Metellum
1427 1607 1537 1669 uel
1580 1606 1980 1690 frequentius
2022 1605 2265 1683 uictor,
2312 1609 2394 1669 ad
2437 1608 2535 1670 ul-

402 1707 637 1771 timum
681 1717 746 1771 et
783 1730 1017 1773 saeuus
1061 1719 1125 1771 et
1153 1709 1483 1792 prodigus.
1549 1709 1894 1793 imperium
1932 1708 2218 1798 partium
2248 1710 2329 1771 ad
2361 1709 2535 1771 Mar-

409 1831 557 1873 cum
589 1811 977 1875 translatum
994 1860 1015 1888 ,
1078 1833 1272 1894 quem
1300 1812 1422 1875 Cn.
1461 1810 1810 1895 Pompeius
1853 1810 2103 1874 uictum
2148 1821 2536 1894 captumque

390 1910 761 2003 interfecit,
819 1936 893 1976 ac
943 1913 1185 1996 recepit
1237 1913 1595 1996 Hispanias
1653 1913 1901 1977 decimo
1944 1914 2075 1977 fere
2118 1934 2289 1976 anno
2342 1935 2537 1995 quam

407 2026 708 2098 coeptum
751 2027 849 2079 est
891 2017 1160 2080 bellum.
1233 2016 1309 2081 C.
1359 2015 1621 2081 Cassius
1671 2038 1917 2101 procos.
1965 2024 2030 2079 et
2073 2016 2196 2079 Cn.
2245 2015 2534 2079 Manlius

309 2126 375 2177 15
403 2128 659 2199 praetor
687 2118 855 2181 male
885 2120 1192 2182 aduersus
1225 2117 1607 2200 Spartacum
1636 2128 2130 2201 pugnauerunt,
2177 2116 2372 2201 idque
2399 2118 2533 2181 bel-

405 2217 544 2281 lum
574 2220 671 2283 M.
709 2220 938 2285 Crasso
967 2219 1246 2303 praetori
1273 2222 1653 2284 mandatum
1684 2230 1801 2283 est.

1123 2457 1252 2519 EX
1294 2457 1470 2522 LIB.
1521 2448 1812 2519 XCVII.

409 2624 505 2686 M.
543 2625 810 2690 Crassus
840 2636 1095 2710 praetor
1122 2625 1403 2711 primum
1447 2645 1598 2688 cum
1641 2635 1821 2708 parte
1864 2622 2325 2708 fugitiuorum,
2372 2646 2535 2707 quae

407 2746 488 2788 ex
519 2727 728 2794 Gallis
760 2728 1229 2813 Germanisque
1259 2729 1630 2804 constabat,
1676 2726 1950 2791 feliciter
1989 2725 2346 2812 pugnauit,
2394 2748 2533 2790 cae·-

309 2837 376 2888 20
406 2827 492 2891 sis
549 2830 836 2896 hostium
880 2855 1074 2899 xxxv
1129 2843 1194 2895 et
1249 2830 1522 2895 ducibus
1586 2852 1809 2894 eorum
1863 2832 2059 2895 Casto
2104 2841 2168 2892 et
2208 2829 2529 2894 Gannico.

410 2951 560 2992 cum
591 2931 895 3014 Spartaco
927 2934 1159 2996 deinde
1198 2932 1587 3008 debellauit,
1651 2932 1850 2995 caesis
1894 2954 2045 2994 cum
2085 2931 2225 3014 ipso
2254 2918 2367 2994 Ξῖ
2430 2932 2529 2994 Μ.

409 3031 737 3095 Antonius
783 3044 1036 3115 praetor
1085 3034 1332 3095 bellum
1383 3034 1693 3095 aduersus
1736 3034 2074 3096 Cretenses
2126 3053 2355 3113 parum
2393 3053 2535 3115 pro-

417 3150 598 3211 spere
650 3141 1018 3215 susceptum
1067 3144 1272 3213 morte
1325 3154 1443 3195 sua
1489 3131 1685 3194 finiit.
1765 3134 1861 3195 M.
1921 3132 2234 3194 Lucullus
2285 3154 2530 3214 procos.

415 3229 699 3294 Thracas
730 3233 1006 3317 subegit.
1059 3236 1136 3298 L.
1171 3234 1484 3298 Lucullus
1513 3234 1585 3296 in
1616 3235 1830 3297 Ponto
1862 3234 2169 3296 aduersus
2194 3233 2536 3298 Mithrida-

315 3344 380 3394 25
415 3343 525 3396 ten
568 3333 840 3399 feliciter
881 3335 1238 3420 pugnauit,
1296 3335 1496 3400 caesis
1547 3334 1835 3399 hostium
1888 3333 2164 3420 amplius
2210 3357 2406 3418 quam
2446 3357 2535 3400 Lx

412 3625 443 3674 2
469 3629 749 3692 portutum
771 3636 848 3690 N,
890 3632 1107 3696 portum
1145 3625 1284 3696 5114
1321 3625 1466 3678 arius
1505 3640 1572 3684 ςν
1596 3621 1614 3693 u
1642 3621 1892 3676 Chrisum
1930 3641 1961 3675 r
1985 3623 2004 3693 ΙΙ
2032 3627 2063 3676 6
2102 3624 2169 3675 ab
2208 3625 2400 3678 eodem
2424 3642 2534 3679 cos.

413 3701 453 3754 l.
491 3702 688 3772 gellius
727 3710 783 3757 et
822 3723 875 3774 q.
920 3705 1092 3757 arrius
1129 3709 1404 3774 praetores
1439 3713 1524 3763 Νς
1560 3700 1577 3770 ΙΙ
1614 3704 1642 3751 7
1678 3716 1751 3751 m.
1804 3700 2028 3753 antonio
2068 3707 2124 3754 et
2157 3719 2229 3755 m.
2274 3721 2541 3774 perperna

413 3796 480 3841 ςν
515 3779 533 3847 li
560 3778 660 3832 M’.
697 3780 979 3849 siqonius.-
1019 3800 1093 3834 m.
1121 3794 1237 3844 Νςν
1262 3781 1280 3850 ss
1311 3784 1372 3832 10
1399 3797 1557 3851 saepe
1580 3797 1676 3850 par
1699 3777 1790 3831 uel
1810 3796 1848 3848 y
1867 3819 1881 3844 ‚
1921 3797 2079 3850 saepe
2115 3797 2212 3850 par
2236 3788 2333 3835 aut
2369 3799 2400 3833 r
2425 3781 2444 3852 ΙΙ
2474 3785 2532 3834 11

411 3855 664 3908 ultimum
689 3857 932 3912 desertus
973 3865 1030 3910 et
1069 3857 1318 3930 proditus
1360 3874 1392 3910 r
1417 3857 1435 3928 ΙΙ
1461 3875 1537 3909 m.
1578 3874 1908 3928 perpennam
1944 3877 2049 3928 93,
2093 3859 2330 3914 Marium
2369 3878 2401 3912 r
2426 3861 2444 3931 ss
2476 3864 2537 3913 12

409 3933 732 3987 translatum
758 3942 841 3988 est
862 3954 894 3988 r
917 3937 936 4008 ῃ
967 3940 1026 3989 13
1055 3936 1331 3989 interemit
1353 3953 1385 3988 r
1409 3936 1426 4006 fl
1455 3952 1617 4004 quam
1643 3954 1727 3988 om
1750 3949 1861 4001 Νς,
1902 3955 2012 4007 quo
2053 3955 2088 4000 ς
2111 3939 2131 4008 ss
2162 3942 2223 3991 14
2249 3945 2306 3992 et
2328 3956 2412 3991 om
2437 3957 2469 3992 r
2493 3939 2511 4009 ss

419 4015 482 4064 15
519 4013 865 4082 sparthacum
899 4027 951 4068 N
986 4014 1004 4086 ss
1045 4018 1107 4068 18
1145 4014 1215 4074 Q.
1257 4033 1290 4066 r
1325 4013 1342 4084 ΙΙ
1383 4018 1450 4067 20
1487 4012 1829 4067 inimicorum
1862 4032 1895 4067 r
1920 4015 1938 4084 ss
1977 4015 2113 4070 duce
2152 4017 2261 4088 ςνῘΙ
2299 4017 2459 4070 Casto
2484 4025 2542 4070 et

410 4090 605 4160 scripsi
618 4112 636 4142 .·
663 4092 830 4146 caesis
855 4102 910 4147 et
931 4105 1031 4158 Νς,
1061 4112 1144 4146 om
1169 4112 1200 4146 r
1225 4093 1243 4164 ss
1272 4093 1504 4148 Granico
1528 4111 1561 4146 r
1586 4093 1603 4164 ΙΙ
1631 4096 1691 4146 21
1724 4093 2020 4148 debellauit
2042 4095 2352 4150 Perizonius
2368 4118 2385 4148 .·
2412 4097 2540 4150 ,bel-

412 4169 551 4224 lauit
571 4182 686 4232 Νςν
711 4171 730 4240 ss
755 4185 833 4224 XL
859 4171 1079 4225 milibus
1098 4189 1169 4242 qr
1193 4172 1212 4242 ΙΙ
1239 4175 1302 4225 23
1330 4178 1545 4242 gestum
1573 4189 1640 4234 ςν
1664 4172 1683 4242 ΙΙ
