3052 4823
1049 349 1110 392 T.
1149 350 1292 394 L1v1
1325 349 1807 392 LXXII-mxxv.
2425 329 2504 388 75

1048 532 1176 595 EX
1220 535 1395 596 LIB.
1447 533 1823 595 LXXIIII.

381 703 504 766 Cn.
555 695 906 784 Pompeiiis
953 699 1251 763 Picentes
1303 700 1545 785 proelio
1598 700 1769 764 fudit
1820 723 1855 758 u
1910 700 2179 764 obsedit.
2249 709 2507 782 propter

379 826 574 886 quam
603 801 945 866 uictoriam
973 804 1220 865 Romae
1249 812 1620 885 praetextae
1646 813 1710 866 et
1734 803 1861 866 alia
1882 803 2379 886 magistratuum
2408 800 2506 863 in-

381 905 592 988 signia
621 915 878 988 sumpta
915 913 1090 967 sunt.
1153 905 1229 968 C.
1269 904 1516 968 Marius
1559 927 1708 966 cum
1754 904 1987 968 Marsis
2030 903 2226 968 dubio
2266 913 2509 966 euentu

317 1021 348 1070 5
378 1008 722 1091 pugnauit.
771 1005 1058 1069 libertini
1089 1016 1244 1069 tunc
1274 1007 1555 1089 primum
1584 1005 1861 1070 militare
1892 1016 2260 1089 coeperunt.
2295 1005 2507 1067 Aulus

381 1109 636 1172 Plotius
665 1110 918 1193 legatus
949 1111 1256 1185 VmbrOS,
1293 1112 1369 1172 L.
1408 1105 1674 1172 Porcius
1704 1117 1957 1193 praetor
1985 1109 2324 1182 Etruscos,
2360 1128 2509 1168 cum

387 1222 658 1293 uterque
699 1211 978 1294 populus
1020 1210 1352 1274 defecisset
1369 1259 1389 1287 ‚
1444 1209 1685 1293 proelio
1726 1210 2046 1272 uicerunt.
2122 1209 2507 1280 Nicomedes

380 1312 452 1374 in
481 1311 857 1396 Bithyniae,
890 1312 1352 1376 Ariobarzanes
1384 1312 1454 1375 in
1486 1312 1927 1395 Cappadociae
1958 1334 2229 1394 regnum
2259 1307 2507 1373 reducti

383 1425 556 1478 sunt.
595 1415 718 1478 Cn.
757 1398 1104 1497 Pompeius
1136 1435 1264 1477 cos.
1295 1417 1547 1477 Marsos
1578 1414 1715 1477 acie
1737 1413 1919 1476 uicit.
1958 1436 2106 1476 cum
2130 1435 2272 1475 aere
2297 1411 2506 1474 alieno

285 1530 348 1578 10
379 1537 678 1599 oppressa
707 1526 873 1578 esset
904 1514 1153 1592 ciuitaS‚
1188 1516 1270 1578 A.
1309 1516 1728 1599 Sempronius
1758 1515 2003 1579 Asellio
2031 1525 2314 1598 praetor,
2352 1535 2505 1596 quo·

381 1618 560 1682 niam
589 1619 945 1680 secundum
975 1616 1294 1680 debitores
1324 1617 1426 1681 ius
1458 1617 1711 1681 dicebat
1728 1665 1747 1694 ,
1802 1619 1881 1680 ab
1928 1617 2019 1680 eis
2067 1616 2179 1700 qui
2220 1617 2505 1678 faenera-

381 1721 539 1783 bant
568 1719 638 1782 in
666 1718 803 1782 foro
834 1718 1080 1782 occisus
1111 1728 1231 1782 est.
1279 1731 1610 1802 praeterea
1648 1718 2045 1782 incursiones
2084 1719 2408 1782 Thracum
2434 1717 2506 1779 in

381 1821 828 1885 Macedoniam
860 1819 1430 1903 populationesque
1469 1821 1782 1886 continet.

1075 2057 1204 2120 EX
1249 2059 1425 2120 LIB.
1478 2058 1763 2122 LXXV.

283 2239 346 2288 15
375 2225 587 2289 Aulus
639 2225 1016 2290 Postumius
1065 2225 1346 2290 Albinus
1399 2227 1651 2310 legatus
1709 2249 1859 2289 cum
1910 2225 2097 2290 classi
2157 2236 2498 2310 praeesset,

381 2327 642 2391 infamis
672 2327 938 2391 crimine
967 2329 1348 2411 proditionis
1381 2331 1459 2391 ab
1500 2327 1786 2392 exercitu
1828 2351 1945 2391 suo
1974 2328 2349 2390 interfectus
2380 2337 2499 2390 est.

383 2434 459 2496 L.
497 2430 834 2495 Cornelius
868 2432 1047 2514 Sylla
1085 2432 1342 2515 legatus
1383 2430 1707 2494 Samnites
1754 2430 1995 2512 proelio
2040 2430 2201 2493 uicit
2246 2440 2311 2492 et
2351 2430 2507 2492 bina

381 2541 588 2595 castra
617 2554 840 2596 eorum
869 2532 1293 2616 expugnauit.
1356 2533 1478 2596 Cn.
1518 2531 1866 2615 Pompeius
1897 2532 2199 2597 Vestinos
2228 2530 2300 2593 in
2330 2530 2505 2608 dedif

382 2632 624 2697 tionem
657 2634 921 2717 accepit.
972 2636 1049 2697 L.
1086 2633 1354 2698 Porcius
1386 2655 1513 2696 cos,
1551 2634 1739 2696 rebus
1764 2655 2061 2717 prospere
2090 2632 2288 2716 gestis
2318 2632 2505 2695 fusis-

280 2746 348 2797 20
380 2756 502 2818 que
533 2735 918 2819 aliquotiens
944 2735 1178 2799 Marsis
1209 2738 1365 2799 dum
1396 2745 1606 2799 castra
1644 2758 1863 2798 eorum
1887 2745 2216 2819 expugnat
2246 2733 2500 2797 cecidit.

381 2840 458 2899 ea
485 2859 584 2899 res
613 2836 908 2900 hostibus
939 2837 1275 2901 uictoriam
1320 2838 1458 2901 eius
1500 2838 1727 2920 proelii
1769 2836 1967 2901 dedit.
2046 2836 2397 2901 Cosconius
2442 2846 2507 2899 et

381 2939 688 3001 Lucanus
721 2939 1043 3006 Samnites
1076 2940 1209 3003 acie
1241 2939 1540 3002 uicerunt
1561 2989 1580 3017 ‚
1618 2940 1901 3003 Marium
1931 2939 2284 3022 Egnatium
2326 2938 2506 3002 nobi·

382 3040 702 3119 lissimum
731 3041 1017 3103 hostium
1048 3043 1280 3104 ducem
1322 3041 1694 3104 occiderunt
1712 3088 1733 3116 ‚
1781 3041 2234 3123 compluraque
2272 3040 2507 3123 oppida

381 3141 452 3204 in
484 3140 871 3205 deditionem
905 3153 1306 3225 acceperunt.
1358 3146 1434 3206 L.
1467 3143 1648 3225 Sylla
1676 3142 1991 3225 Hirpinos
2024 3143 2230 3204 domu
2262 3141 2341 3215 it,
2385 3141 2504 3203 Sa-

277 3254 348 3307 25
379 3242 612 3305 mnites
629 3242 923 3327 pluribus
938 3243 1195 3326 proeliis
1211 3244 1400 3321 fudit,
1439 3244 1702 3327 aliquod
1714 3243 1986 3328 populos
2010 3241 2272 3324 recepit,
2309 3264 2507 3324 quan·

383 3343 594 3426 tisque
623 3366 765 3407 raro
796 3344 1135 3427 quisquam
1166 3345 1332 3409 alius
1363 3357 1514 3413 ante
1545 3348 1957 3415 consulatum
1984 3346 2173 3409 rebus
2204 3344 2400 3432 gestis
2427 3346 2509 3407 ad

381 3444 763 3527 petitionem
793 3446 1164 3509 consulatus
1197 3450 1476 3511 Romam
1505 3460 1605 3513 est
1632 3449 1976 3532 profectus,

383 3702 412 3751 2
427 3704 484 3751 et
498 3698 714 3751 obsedit
726 3716 792 3761 ςν
817 3700 833 3770 ss
862 3704 890 3753 3
908 3699 1118 3770 aliaque
1143 3703 1557 3773 magistratuum
1582 3710 1899 3757 ornamenta
1922 3710 1979 3757 et
2001 3704 2282 3773 insigniar
2308 3704 2325 3772 ss
2353 3706 2509 3754 5tum

385 3793 452 3838 ςν
476 3776 493 3846 ΙΙ
521 3775 760 3828 aurelius
783 3788 898 3839 Ngr
924 3778 940 3846 ss
967 3782 998 3830 6
1035 3778 1298 3833 Etruscos
1339 3781 1631 3833 Dukerus:
1672 3782 1890 3835 umbros
1913 3794 2023 3846 Νς,
2066 3798 2270 3834 marsos
2301 3798 2409 3849 qgr
2434 3781 2452 3849 ΙΙ
2481 3784 2507 3831 7

381 3850 614 3922 populos
637 3855 727 3921 Nn
755 3856 786 3905 9
812 3851 1016 3907 alienos
1039 3866 1091 3907 N
1111 3856 1128 3923 ΙΙ
1162 3857 1223 3906 10
1249 3872 1466 3924 praessa
1487 3868 1561 3918 N,
1590 3869 1775 3924 pressa
1794 3874 1872 3925 μς
1896 3857 1913 3927 ΙΙ
1938 3856 2177 3910 Asellius
2200 3874 2232 3908 r
2258 3856 2275 3926 ΙΙ
2307 3860 2364 3908 11
2394 3857 2511 3911 eius

379 3942 513 4021 qu
524 3930 542 4000 Ιί
569 3916 980 3985 fenerabantur'*
978 3950 1043 3995 ςν
1069 3933 1086 4002 ΙΙ
1119 3936 1176 3985 13
1204 3933 1520 3986 macedonia
1542 3945 1622 4003 Ny
1648 3936 1667 4003 ss
1698 3937 1759 3985 15
1784 3932 2019 3987 aurelius
2042 3945 2142 3997 Νς,
2170 3934 2237 3987 L.
2266 3950 2297 3985 r
2322 3934 2339 4003 ΙΙ
2365 3933 2511 4003 lega-

382 4015 472 4062 tus
497 4009 554 4061 in
581 4008 864 4063 obsidione
890 4018 1186 4064 castrorum
1212 4011 1492 4065 hostilium
1530 4013 1729 4065 cecidit
1753 4012 2025 4083 Sulpicius
2049 4011 2263 4082 legatus
2287 4027 2319 4061 r
2352 4011 2425 4078 cs.
2444 4028 2507 4079 p.

381 4088 466 4147 76,
494 4087 524 4136 3
551 4084 570 4155 ΙΙ
602 4088 664 4137 16
703 4085 1034 4154 perditiones
1057 4099 1109 4139 N
1129 4087 1146 4156 ss
1179 4086 1280 4139 19
1265 4087 1533 4157 iussisque
1556 4099 1607 4140 N
1627 4087 1645 4157 ΙΙ
1672 4091 1738 4141 22
1763 4086 2042 4140 Luceiusr
2066 4087 2085 4155 11
2114 4090 2178 4139 23
2204 4103 2389 4139 eorum
2414 4104 2508 4156 op-

379 4160 510 4230 pida
536 4178 602 4223 ςν
627 4161 644 4229 Η
673 4165 736 4214 24
763 4162 971 4231 accepit
991 4176 1076 4226 Νς
1101 4165 1118 4235 ss
1147 4168 1211 4217 25
1236 4164 1422 4217 multis
1447 4183 1479 4218 r
1503 4165 1520 4235 ss
1547 4164 1780 4235 populus
1810 4180 1841 4215 r
1866 4164 1884 4235 ΙΙ
1912 4167 1979 4218 26
2003 4163 2141 4217 alius
2166 4181 2249 4217 om
2274 4180 2306 4214 r
2330 4163 2349 4235 Π
