3052 4823
575 346 654 407 78
1463 366 1841 409 warocum

571 537 700 597 quo
723 514 895 577 bello
926 514 1054 576 duo
1084 512 1308 578 fratres
1329 563 1348 590 ,
1399 516 1561 578 alter
1606 537 1685 578 ex
1728 514 1997 599 Pompei
2042 513 2327 578 exercitu
2343 562 2363 589 ,
2412 515 2579 578 alter
2622 537 2710 579 ex

571 615 846 691 Cinnae,
865 614 1234 698 ignorantes
1256 627 1736 693 concurrerunt,
1774 626 1838 679 et
1868 638 2015 679 cum
2037 616 2245 679 uictor
2268 615 2575 697 spoliaret
2605 640 2710 681 oc-

572 718 817 793 cisum,
866 716 1087 801 agnito
1127 717 1321 780 fratre
1376 717 1628 801 ingenti
1672 717 2135 780 lamentatione
2177 717 2387 793 edita,
2438 740 2597 801 rogo
2646 718 2710 782 ei
2769 744 2776 753 ·

571 829 864 882 extructo
884 866 903 893 ,
960 818 1099 900 ipse
1141 841 1207 881 se
1253 841 1445 901 supra
1499 840 1728 901 rogum
1771 819 2111 883 transfodit
2172 829 2236 881 et
2278 819 2504 883 eodem
2549 819 2707 902 igne

571 929 989 1003 consumptus
1019 930 1137 983 est.
1174 932 1238 983 et
1261 942 1411 982 cum
1433 920 1708 1001 opprimi
1737 920 1905 983 inter
1933 919 2121 982 initia
2150 919 2534 1002 potuissent,
2574 923 2703 985 Cn.
2746 936 2781 984 5

571 1021 841 1103 Pompei
869 1020 1115 1097 fraude,
1152 1020 1263 1103 qui
1293 1030 1632 1103 utramque
1662 1032 1911 1103 partem
1939 1022 2216 1083 fouendo
2246 1021 2416 1084 uires
2448 1023 2707 1086 Cinnae

571 1122 748 1184 dedit
777 1144 896 1183 nec
926 1122 1054 1184 nisi
1083 1122 1438 1205 profligatis
1469 1121 1880 1205 optimatium
1919 1123 2107 1184 rebus
2154 1122 2473 1185 auxilium
2514 1124 2699 1200 tulit,

571 1235 636 1286 et
666 1224 946 1287 consulis
989 1224 1264 1306 segnitia
1311 1223 1673 1286 confirmati
1717 1223 1929 1286 Cinna
1980 1233 2044 1285 et
2086 1224 2335 1286 Marius
2390 1234 2701 1307 quattuor

568 1324 975 1400 exercitibuS,
1011 1347 1092 1387 ex
1123 1326 1355 1408 q'uibus
1387 1327 1514 1388 duo
1534 1326 1615 1391 Q.
1648 1324 1926 1387 Sertorio
1958 1335 2023 1386 et
2039 1326 2321 1389 Carboni
2352 1326 2487 1389 dati
2511 1339 2696 1403 sunt,

569 1428 791 1489 urbem
823 1427 1392 1490 circumsederunt.
1444 1426 1696 1490 Ostiam
1739 1425 2055 1500 coloniam
2085 1426 2335 1489 Marius
2365 1448 2699 1511 expugna·
2740 1441 2815 1490 10

568 1529 667 1591 uit
698 1539 763 1592 et
793 1529 1132 1592 crudeliter
1160 1528 1449 1611 diripuit.

1253 1764 1412 1877 ‘EX
1458 1765 1633 1827 LIB.
1692 1762 1983 1825 LXXX.

569 1928 815 1991 Italicis
848 1928 1104 2012 populis
1136 1952 1173 1992 a
1203 1942 1434 1994 senatu
1465 1930 1693 1994 ciuitas
1722 1932 1875 1992 data
1898 1937 2016 1990 est.
2056 1928 2401 2005 Samnites,
2437 1930 2548 2012 qui
2573 1931 2701 1994 soli

567 2050 744 2091 arma
773 2028 1185 2112 recipiebant,
1220 2032 1468 2095 Cinnae
1499 2042 1566 2094 et
1594 2031 1802 2093 Mario
1834 2052 1899 2092 se
1931 2030 2428 2093 coniunxerunt.
2479 2033 2559 2094 ab
2592 2032 2699 2096 his

566 2129 864 2192 Plautius
895 2130 1144 2213 legatus
1176 2155 1326 2196 cum
1357 2134 1642 2197 exercitu
1672 2154 1892 2196 caesus
1933 2142 2052 2194 est.
2105 2131 2321 2195 Cinna
2350 2142 2414 2194 et
2444 2132 2699 2197 Marius
2737 2148 2813 2198 15

565 2253 714 2293 cum
743 2231 1035 2295 Carbone
1066 2243 1131 2296 et
1163 2233 1444 2299 Sertorio
1477 2235 1846 2299 Ianiculum
1891 2243 2435 2316 oppugnauerunt
2478 2244 2543 2295 et
2590 2234 2694 2296 fu-

563 2332 701 2417 gati
741 2333 824 2414 ab
865 2334 1140 2399 Octauio
1192 2338 1454 2401 consule
1505 2343 1922 2400 recesserunt.
2004 2334 2252 2397 Marius
2304 2333 2583 2397 Antium
2622 2346 2690 2399 et

561 2435 849 2498 Ariciam
879 2448 945 2500 et
976 2438 1349 2502 Lanuuium
1379 2439 1663 2503 colonias
1696 2436 2118 2521 expugnauit.
2154 2458 2302 2499 cum
2334 2459 2475 2521 spes
2507 2439 2696 2502 nulla

563 2548 729 2600 esset
760 2538 1176 2621 optimatibus
1205 2541 1547 2604 resistendi
1576 2551 1835 2623 propter
1878 2538 2219 2622 segnitiam
2249 2551 2313 2602 et
2354 2541 2695 2621 perfidiam

563 2647 628 2699 et
657 2640 895 2701 ducum
925 2651 989 2702 et
1019 2641 1336 2718 militum,
1385 2644 1496 2726 qui
1536 2641 1818 2723 corrupti
1861 2651 1976 2703 aut
2018 2661 2303 2722 pugnare
2356 2641 2688 2718 nolebant,
2726 2655 2801 2706 20

562 2749 675 2800 aut
706 2738 776 2800 in
807 2739 1090 2804 diuersas
1120 2753 1330 2824 partes
1364 2743 1795 2816 transiebant,
1848 2741 2063 2804 Cinna
2092 2751 2158 2803 et
2202 2740 2449 2805 Marius
2480 2741 2546 2804 in
2580 2766 2689 2806 ur-

559 2840 708 2902 bem
737 2840 974 2923 recepti
1005 2853 1191 2918 sunt3
1240 2843 1352 2925 qui
1397 2844 1580 2906 uelut
1628 2853 1881 2925 captam
1912 2863 2052 2905 eam
2084 2842 2383 2905 caedibus
2414 2865 2487 2905 ac
2519 2844 2689 2927 rapi-

559 2941 662 3004 nis
695 2952 1137 3019 uastauerunt,
1175 2945 1296 3007 Cn.
1331 2943 1605 3009 Octauio
1637 2967 1763 3007 cos.
1787 2943 2007 3014 ,occiso
2040 2954 2104 3006 et
2135 2944 2430 3006 omnibus
2462 2946 2689 3008 aduer-

561 3065 668 3106 sae
699 3043 896 3125 partis
927 3045 1250 3109 nobilibus
1283 3046 1655 3122 trucidatis,
1689 3046 1857 3108 inter
1882 3068 2041 3129 quos
2073 3048 2170 3108 M.
2206 3045 2516 3122 Antoni0,
2554 3048 2687 3112 elo-

561 3145 982 3226 quentissimo
1026 3147 1204 3224 uiro,
1251 3159 1315 3211 et
1357 3150 1431 3213 C.
1471 3151 1549 3212 L.
1588 3149 1963 3212 Caesaribus
1985 3197 2004 3224 ,
2048 3133 2319 3231 quorum
2339 3147 2575 3234 ‚capita
2614 3150 2689 3212 in
2722 3164 2793 3214 25

558 3246 778 3309 rostris
829 3248 1040 3329 posita
1081 3259 1254 3311 sunt.
1331 3252 1602 3314 Crassus
1647 3250 1821 3314 filius
1868 3252 1946 3313 ab
1988 3251 2311 3333 equitibus
2363 3248 2689 3314 Fimbriae

557 3347 828 3422 occisus,
845 3359 1043 3430 pater
1074 3349 1345 3414 Crassus
1362 3399 1382 3427 ,
1416 3374 1500 3414 ne
1530 3352 1687 3435 quid
1716 3352 2058 3436 indignum
2087 3351 2327 3415 uirtute
2356 3361 2473 3412 sua
2501 3361 2684 3432 pate-

557 3621 587 3674 2
613 3626 888 3672 mortuum
915 3620 1218 3690 spoliaretr
1244 3625 1262 3694 11
1290 3629 1319 3676 4
1346 3627 1511 3696 supra
1534 3645 1731 3697 rogum
1756 3645 1813 3681 se
1828 3647 1894 3692 ςν
1920 3628 1937 3698 ΙΙ
1966 3631 1995 3680 5
2021 3625 2323 3697 potuissent
2354 3622 2684 3678 G'ronouius:

556 3697 824 3770 potuisset
845 3711 961 3761 Νςν
985 3700 1003 3769 ΙΙ
1033 3704 1058 3752 7
1088 3702 1216 3756 tuiti
1240 3718 1320 3774 Ny
1347 3707 1364 3776 ΙΙ
1393 3709 1422 3758 8
1450 3706 1681 3776 segnitie
1707 3725 1738 3758 r
1763 3708 1781 3778 ΙΙ
1810 3711 1840 3760 9
1880 3723 2109 3778 quorum
2148 3723 2179 3757 r
2204 3704 2221 3773 ΙΙ
2253 3707 2312 3755 10
2350 3703 2562 3756 Marius
2598 3723 2686 3758 om

551 3787 672 3844 ng
695 3775 712 3844 ss
745 3778 806 3826 15
831 3775 1072 3845 plautius
1097 3797 1217 3833 cum
1246 3801 1330 3848 ςν,
1373 3784 1622 3854 plaucius
1648 3803 1770 3838 cum
1798 3807 1832 3849 ς
1857 3787 1875 3856 [Ι
1907 3789 1969 3838 16
2011 3789 2414 3852 occupauerunt
2449 3800 2545 3848 ςν,
2588 3801 2683 3837 ex-

553 3863 940 3926 pugnauerunt
960 3875 997 3926 9
1025 3858 1043 3927 ΙΙ
1074 3860 1134 3908 17
1161 3861 1364 3914 antiam
1387 3874 1449 3926 Ν,
1478 3863 1708 3915 Antium
1734 3863 1998 3933 quidemr
2024 3864 2040 3932 ΙΙ
2072 3865 2133 3914 18
2158 3859 2422 3914 lauinium
2449 3878 2515 3923 ςν
2540 3861 2557 3930 ΙΙ
2586 3861 2680 3914 de-

553 3931 795 3984 uastauit
817 3949 849 3983 r
875 3933 891 4001 ss
919 3935 1070 3988 nulla
1095 3952 1215 4005 spes
1243 3957 1305 4004 ς,
1347 3939 1500 3992 nulla
1538 3940 1757 3992 omnino
1796 3958 1917 4010 spes
1942 3957 1973 3992 r
1998 3941 2017 4009 fl
2048 3943 2109 3992 19
2146 3937 2432 4008 segnitiem
2476 3957 2542 4002 ςν
2568 3941 2586 4009 ΙΙ
2616 3943 2677 3992 21

552 4010 622 4062 ad
647 4009 889 4063 diuersas
916 4031 982 4074 ςν
1007 4014 1026 4082 fl
1052 4017 1357 4071 transibant
1382 4036 1448 4081 ςν
1472 4017 1491 4088 ss
1518 4019 1652 4071 urbe
1676 4035 1708 4069 r
1733 4021 1750 4088 ΙΙ
1778 4022 1843 4072 22
1869 4024 2077 4092 raptam
2095 4035 2127 4069 r
2152 4017 2170 4086 ΙΙ
2196 4024 2251 4070 et
2276 4033 2341 4078 ς’·
2366 4016 2384 4084 ll
2411 4019 2476 4068 23
2503 4025 2682 4070 uasta·

549 4093 681 4138 runt
704 4102 736 4136 r
759 4085 777 4154 ΙΙ
805 4089 987 4142 omnia
1009 4091 1098 4162 ΝΗ
1127 4096 1191 4145 25
1231 4095 1553 4148 Caesaribus
1598 4094 1932 4148 Gronouim:
1974 4112 2184 4148 caesare
2219 4106 2334 4157 Νςν
2359 4095 2376 4163 ΙΙ
2405 4097 2470 4147 26
2502 4102 2681 4148 rostra

548 4173 599 4212 N
619 4160 636 4230 ss
665 4165 794 4210 sunt
818 4176 902 4211 om
928 4179 959 4212 r
985 4163 1002 4232 ΙΙ
1031 4169 1092 4216 27
1122 4167 1478 4239 interemptus
1503 4188 1535 4220 r
1561 4169 1577 4238 Ι]
