3052 4823
1119 377 1124 382 -
1225 354 1619 396 PRAEFATm.
2428 335 2517 391 XI

385 567 466 607 ex
496 564 624 628 quo
652 538 1022 622 interpolati
1053 538 1366 621 originem
1405 539 1755 602 duxerunt.
1806 535 2276 618 dittographiae
2304 533 2518 617 potius

390 648 666 734 speciem
696 647 891 709 habet
922 646 1091 728 quod
1119 667 1186 728 p.
1227 651 1331 720 83,
1370 650 1446 706 25
1491 643 1728 727 legitur
1743 641 1968 724 prima
1996 640 2181 703 iuxta
2197 640 2512 723 plurima,

387 765 716 820 mutatum
745 751 977 815 deinde
1007 751 1078 814 in
1092 750 1420 833 praemia,
1457 752 1571 814 sed
1600 747 1969 833 explicandi
1998 769 2192 810 causa
2220 746 2519 830 quamuis

387 859 786 945 ineptissime
817 857 1036 921 addita
1065 868 1219 920 sunt
1249 880 1312 941 p.
1355 863 1456 933 52,
1500 866 1526 920 1
1564 856 1714 920 etsi
1734 862 2041 940 qustaret,
2076 875 2141 936 p.
2183 858 2287 929 64,
2319 859 2353 914 2
2390 861 2519 916 tra-

297 981 306 994 ‘
390 971 638 1050 dentes.
678 966 900 1049 paullo
929 963 1170 1027 diuersi
1198 963 1450 1046 generis
1483 974 1638 1027 sunt
1668 973 1733 1026 et
1776 963 1856 1024 ad
1889 961 2067 1023 'illud
2114 961 2285 1047 quod
2328 961 2521 1022 modo

390 1073 810 1139 tractauimus
855 1070 1440 1134 additamentorum
1483 1092 1689 1154 genus
1742 1067 2071 1152 pertinent
2114 1068 2241 1129 duo
2282 1064 2407 1128 loci
2449 1085 2514 1146 p.

393 1187 497 1257 68,
535 1185 638 1243 22.
697 1182 839 1253 102,
878 1185 935 1239 5.
1015 1198 1168 1240 nam
1227 1199 1387 1259 quae
1429 1176 1500 1239 in
1544 1175 1751 1260 priore
1793 1174 1925 1238 iam
1967 1184 2217 1256 praeter
2264 1192 2523 1235 sensum

389 1286 611 1350 addita
639 1267 945 1368 leguntur
973 1285 1169 1347 uerba
1197 1285 1446 1346 Romae
1475 1283 1886 1367 intersectum
1926 1283 2151 1343 docere
2190 1277 2517 1352 uidentur,
2570 1345 2575 1349 ,

390 1393 700 1476 scriptum
739 1390 936 1454 fuisse
967 1392 1045 1452 ab
1095 1390 1220 1452 alio
1252 1399 1522 1472 propter
1562 1387 1932 1452 Massiuam
1974 1389 2221 1450 Romae
2260 1384 2523 1467 interse-

392 1507 583 1574 ctum,
621 1499 700 1559 ab
732 1496 858 1558 alio
890 1504 1163 1577 propter
1205 1497 1456 1558 caedem
1497 1493 1849 1557 admissam
1891 1493 1959 1555 in
2006 1529 2083 1538 —-
2129 1490 2517 1553 Massiuam.

389 1604 592 1670 altero
623 1612 842 1664 autem
873 1600 1070 1663 simili
1097 1600 1346 1662 ratione
1371 1598 1663 1662 additum
1688 1608 1785 1662 est
1808 1607 1870 1660 et
1889 1619 2131 1672 caesae,
2166 1598 2338 1680 quod
2360 1593 2523 1657 mihi

393 1712 778 1773 documento
822 1706 1018 1770 fuisse
1063 1705 1323 1769 uidetur
1363 1705 1518 1769 olim
1560 1703 1840 1768 breuiter
1881 1703 2241 1786 indicatum
2286 1701 2516 1764 fuisse:

393 1832 535 1876 cum
565 1812 814 1873 Brutus
851 1849 921 1858 -
956 1811 1214 1876 relictus
1245 1835 1288 1874 a
1315 1810 1662 1896 Zeyionibus
1687 1810 1821 1873 suis
1836 1809 2263 1894 prosuqzlsset,
2302 1827 2523 1871 caesus

394 1926 509 1994 est,
546 1919 624 1980 de
655 1917 840 1981 cuius
869 1929 1073 1982 morte
1114 1941 1262 1981 cum
1308 1919 1468 1981 alter
1512 1917 1732 2000 paullo
1774 1916 2135 1980 accuratius
2177 1926 2521 1988 narrasset,

395 2024 526 2086 iam
555 2034 824 2106 utraque
855 2024 1135 2090 narratio
1185 2025 1452 2087 confusa
1495 2023 1567 2086 in
1609 2023 1789 2087 libris
1835 2022 2073 2086 nostris
2118 2032 2319 2084 extat.
2369 2020 2528 2082 haec

393 2129 558 2192 ratio
589 2129 744 2192 satis
788 2132 1202 2193 confirmatur
1245 2133 1494 2195 duobus
1535 2130 1691 2194 locis
1738 2129 1853 2212 qui
1906 2148 1971 2212 p.
2014 2134 2129 2205 83,
2180 2134 2239 2190 6.
2295 2133 2408 2202 88,
2447 2131 2511 2186 21

394 2237 720 2319 leguntur.
780 2247 1120 2319 postquam
1149 2237 1324 2300 enim
1355 2238 1554 2301 altero
1586 2238 1661 2300 C.
1698 2236 1893 2299 Marii
1921 2235 2043 2299 filii
2070 2257 2241 2298 mors
2260 2281 2279 2310 ,
2328 2234 2529 2296 altero

398 2340 728 2424 legionum
760 2341 988 2405 seditio
1018 2343 1299 2406 breuiter
1329 2353 1824 2406 commemorata
1871 2354 1967 2405 est
1982 2390 2001 2419 ,
2026 2340 2405 2405 'accuratior
2448 2339 2527 2400 de

398 2449 621 2510 eadem
651 2470 717 2510 re
747 2448 1029 2512 narratio
1057 2449 1307 2511 adiecta
1335 2461 1468 2523 est,
1514 2449 1865 2529 praemisso
1883 2496 1903 2524 ,
1948 2472 2033 2511 ne
2064 2448 2209 2530 quis
2238 2450 2317 2511 de
2350 2445 2527 2509 addi-

402 2563 686 2615 tamento
717 2552 1005 2628 dubitet,
1054 2552 1130 2616 id
1165 2562 1277 2615 est.
1339 2555 1512 2635 quod
1556 2553 1769 2637 ipsum
1808 2575 2199 2636 quamquam
2229 2574 2293 2635 p.
2336 2558 2411 2613 27
2431 2598 2450 2628 ,
2494 2556 2527 2611 3

400 2680 532 2721 non
563 2658 956 2741 adscriptum
985 2669 1117 2735 est,
1168 2669 1462 2742 apertum
1507 2670 1724 2722 tamen
1769 2682 1907 2723 esse
1939 2671 2097 2743 puto
2127 2660 2325 2721 uerba
2352 2656 2530 2720 nuci·

404 2764 515 2827 bus
531 2787 660 2847 per
729 2766 1117 2829 Vulturnum
1162 2786 1409 2829 amnem
1455 2788 1496 2827 a
1541 2766 1857 2843 Romanis
1899 2766 2111 2829 missis
2158 2759 2459 2829 uixei‘unt
2494 2785 2534 2825 a

403 2872 684 2933 secunda
714 2893 912 2934 manu
943 2872 1190 2935 adiecta
1233 2894 1402 2947 esse.
1453 2882 1648 2954 atque
1692 2896 1841 2936 cum
1884 2873 2103 2955 aliqua
2144 2871 2281 2935 ueri
2324 2869 2534 2953 specie

403 2975 546 3057 quis
577 2975 935 3059 suspicetur
963 3000 1040 3039 ea
1069 3000 1232 3061 quae
1261 2999 1326 3060 p.
1367 2985 1471 3053 54,
1509 2985 1612 3040 21.
1654 2985 1759 3054 89,
1799 2988 1829 3040 7
1866 2979 2085 3042 addita
2114 2988 2268 3041 sunt
2298 2978 2377 3039 ab
2409 2976 2535 3038 alio

403 3084 682 3163 quodam
711 3082 1030 3163 adscripta
1059 3104 1218 3157 esse,
1253 3083 1360 3144 cui
1391 3083 1675 3151 breuiter
1702 3098 1961 3146 narrata
1991 3083 2185 3146 latius
2216 3082 2537 3164 explicare

402 3187 735 3270 placuerit.
797 3208 1006 3268 neque
1053 3189 1290 3251 desunt
1317 3187 1444 3250 loci
1473 3187 1589 3249 ubi
1618 3187 1756 3251 eius
1800 3188 2053 3271 generis
2098 3187 2538 3250 additamenta

402 3304 804 3397 praepostere
835 3292 906 3354 in
937 3292 1226 3357 ordinem
1270 3294 1614 3357 uerborum
1656 3292 1907 3357 intrusa
1947 3294 2125 3357 hunc
2167 3294 2534 3368 turbarunt,

405 3410 480 3462 ut
506 3421 572 3481 p.
613 3404 714 3473 56,
755 3405 790 3460 8
824 3422 974 3462 cum
1005 3402 1085 3463 ad
1116 3402 1314 3481 uerba
1345 3409 1470 3463 tres
1499 3400 1729 3468 liberos
1760 3401 1992 3485 aliquis
2022 3422 2243 3464 eorum
2270 3400 2537 3463 nomina

399 3503 840 3586 adscripsisset
882 3515 946 3567 et
990 3505 1068 3566 de
1109 3506 1392 3569 maximo
1448 3518 1610 3569 natu
1666 3506 2015 3571 addidisset
2072 3529 2221 3569 eum
2273 3505 2539 3570 Graecis

403 3610 634 3673 litteris
665 3609 993 3672 eruditum
1019 3610 1218 3675 fuisse
1237 3659 1256 3687 ,
1303 3612 1463 3675 haec
1507 3612 1727 3675 omnia
1767 3614 1847 3675 de
1876 3611 2167 3695 margine
2197 3603 2367 3675 inter
2398 3611 2553 3694 ipsa.

403 3716 742 3801 periochae
775 3716 972 3778 uerba
1001 3716 1266 3778 confuso
1290 3717 1514 3781 ordine
1544 3720 1743 3783 relata
1760 3729 1932 3782 sunt.
1984 3717 2279 3781 similiter
2300 3717 2371 3783 in
2398 3718 2539 3780 loco

405 3822 632 3883 misere
664 3822 920 3884 turbato
951 3842 1016 3903 p.
1058 3827 1159 3895 35,
1197 3828 1276 3883 20
1309 3822 1430 3886 hoc
1463 3833 1680 3886 tamen
1723 3829 1935 3907 patet,
1984 3820 2391 3904 adscripsisse
2422 3820 2537 3883 'ali-
2653 3803 2658 3807 ¹

351 3946 356 3949 ·
405 3941 596 4008 quem
627 3938 986 4012 temporum
1013 3934 1236 3987 notam
1267 3926 1346 3987 ab
1389 3929 1547 3990 urbe
1576 3930 1837 3992 condita
1865 3932 2160 4001 ductam,
2195 3925 2380 3989 cuius
2412 3926 2565 4010 dis-⁴

405 4032 572 4095 iecta
598 4034 883 4095 membra
908 4031 1039 4093 iam
1070 4029 1395 4113 scriptoris
1427 4031 1643 4094 uerbis
1674 4033 1911 4097 inserta
1938 4020 2293 4116 leguntur.'

577 4138 760 4201 Haec
789 4135 988 4219 igitur
1016 4145 1268 4217 praeter
1297 4136 1436 4199 eius
1467 4146 1771 4213 mentem,
1806 4137 1916 4220 qui
1940 4137 2183 4221 primus
2207 4133 2539 4219 periochas
