3052 4823
1117 349 1179 390 T.
1217 341 1359 391 1.1v1
1389 330 1784 392 xv.-xvm.‘
2442 330 2510 388 21

389 498 643 582 gnauit,
677 497 1049 580 primusque
1081 497 1371 559 omnium
1392 498 1839 559 Romanorum
1869 498 2110 559 ducum
2139 495 2394 559 naualis
2428 497 2523 559 ui-

390 599 626 663 ctoriae
672 598 862 661 duxit
908 597 1334 680 triumphum.
1399 599 1492 661 ob·
1530 621 1724 682 quam
1768 619 2028 662 causam
2070 597 2131 660 ei
2173 606 2523 680 perpetuus

393 723 646 785 quoque
675 699 881 769 honos
910 698 1172 762 habitus
1203 708 1336 774 est,
1371 710 1446 763 ut
1475 700 1833 764 reuertenti
1864 722 1903 762 a
1932 721 2094 780 cena
2123 698 2387 766 tibicine
2422 720 2525 761 ca-

392 813 588 865 nente
618 801 838 865 funale
866 801 1311 883 praeferretur.
1372 803 1450 864 L.
1487 802 1825 866 Cornelius
1857 801 2083 864 consul
2123 800 2194 862 in
2226 800 2527 864 Sardinia

329 918 358 966 5
391 916 454 967 et
477 903 738 968 Corsica
767 912 988 966 contra
1016 903 1251 966 Sardos
1282 912 1347 966 et
1373 904 1605 967 Corsos
1640 914 1705 966 et
1738 905 2135 966 Hannonem
2160 904 2527 966 Poenorum

393 1008 624 1067 ducem
677 1003 952 1067 feliciter
994 1004 1338 1087 pugnauit.
1416 1003 1661 1067 Atilius
1706 1004 2043 1067 Calatinus
2085 1026 2214 1067 cos.
2264 1026 2412 1066 cum
2454 1004 2525 1067 in

395 1107 611 1169 locum
641 1104 957 1172 aPoenis
999 1105 1490 1170 circumsessum
1530 1103 1767 1168 temere
1810 1105 2165 1168 exercitum
2208 1099 2541 1181 duxisset.
2576 1187 2583 1196 ἱ

330 1230 336 1238 ·
396 1209 491 1270 Μ.
529 1205 842 1289 Calpurni
874 1205 1120 1271 tribuni
1147 1207 1432 1270 militum
1479 1207 1725 1270 uir-tute
1766 1217 1831 1270 et
1874 1229 2065 1291 opera
2108 1205 2316 1270 euasit
2330 1255 2349 1282 ,
2414 1205 2529 1289 qui
2590 1277 2595 1280 ,

395 1329 545 1370 cum
573 1328 680 1371 ccc
708 1307 1024 1374 militibus
1051 1309 1393 1391 ‚eruptione
1436 1309 1607 1372 facta
1648 1309 1865 1372 hostes
1896 1309 1967 1370 in
1997 1332 2065 1372 se
2095 1317 2521 1373 conuerterat.

300 1422 363 1472 10
395 1408 730 1472 Hannibal
762 1411 898 1472 dux
927 1412 1298 1473 Poenorum
1325 1410 1502 1474 uicta
1533 1410 1732 1473 classe
1762 1410 1870 1473 cui
1897 1412 2261 1495 praefuerat
2290 1432 2329 1472 a
2358 1408 2525 1471 mili-

395 1511 570 1574 tibus
601 1510 734 1574 suis
764 1510 834 1573 in
865 1533 1121 1574 crucem
1161 1512 1453 1574 sublatus
1499 1505 1619 1574 est.
1678 1511 1921 1575 Atilius
1964 1511 2258 1594 Regulus
2300 1509 2527 1572 consul

406 1611 595 1676 uictis
626 1611 848 1674 nauali
877 1613 1120 1694 proelio
1151 1612 1388 1676 Poenis
1418 1612 1488 1677 i'n
1505 1611 1806 1689 ,Africam
1836 1612 2105 1677 traiecit.

1128 1848 1255 1910 EX
1300 1849 1476 1915 LIB.
1528 1846 1798 1941 XVIlI.
2735 1931 2771 1964 ἢ

333 1961 368 2082 Ι
396 2000 638 2064 Atilius
671 1999 965 2082 Regulus
994 1999 1065 2075 in
1094 1978 1707 2084 Africaserpentem
1749 1963 2155 2084 portentosae
2201 1937 2671 2082 magnitusae·
2722 1947 2815 2072 Z]

301 2113 366 2162 15
397 2102 566 2165 dinis
613 2125 763 2166 cum
804 2125 1043 2186 magna
1087 2103 1268 2165 clade
1311 2103 1599 2166 militum
1637 2102 1871 2166 occidit
1883 2087 1927 2266 ff
1955 2111 2022 2165 et
2068 2109 2225 2164 'cum
2268 2100 2529 2182 aliquod

396 2188 655 2285 proeliis
684 2205 849 2267 bene
881 2207 1189 2268 aduersus
1226 2200 1793 2286 Carthaginienses
1837 2227 1881 2287 p
1928 2213 2193 2287 gnasset
2212 2249 2247 2278 ,.
2281 2224 2527 2265 succes-

399 2327 626 2388 sorque
657 2305 718 2368 ei
750 2328 787 2368 a
817 2315 1048 2369 senatu
1078 2328 1377 2390 prospere
1406 2306 1655 2368 bellum
1682 2306 1933 2389 gerenti
1962 2327 2096 2368 non
2138 2293 2523 2379 mitteretur,

401 2405 470 2470 id
500 2407 716 2491 ipsum
742 2430 857 2491 per
885 2407 1102 2475 literas
1133 2408 1215 2470 ad
1245 2418 1541 2471 senatum
1572 2407 1797 2470 missas
1828 2416 2094 2490 questus
2125 2417 2253 2482 est,
2289 2405 2364 2467 in'
2390 2403 2529 2487 qui-

399 2510 521 2571 bus
551 2509 720 2573 inter
749 2532 972 2575 causas
1018 2508 1283 2592 petendi
1329 2508 1705 2572 successoris
1724 2556 1743 2583 ,
1792 2510 1967 2590 quo'd
2008 2508 2255 2591 agellus
2310 2506 2447 2569 eius
2491 2494 2551 2567 a*

304 2619 374 2671 20
404 2613 864 2677 mercennariis
911 2615 1198 2679 desertus
1230 2619 1418 2674 esset.
1484 2618 1839 2692 quaerente.
1874 2608 2107 2671 deinde
2151 2608 2413 2672 fortuna
2456 2617 2531 2669 ut

402 2734 714 2795 magnum
743 2714 1082 2797 utriusque
1113 2735 1297 2793 casus
1328 2712 1696 2794 exemplum
1726 2710 1796 2772 in
1828 2712 2082 2795 Regulo
2128 2712 2525 2793 proderetur,

403 2803 703 2879 arcessito
735 2838 774 2878 a
803 2798 1442 2899 Carthaginiensibus
1467 2812 1855 2896 Xanthippo
1881 2812 2533 2877 Lacedaemoniorum

404 2915 566 2977 duce
597 2916 812 2981 uictus
841 2917 1081 2999 proelio
1113 2925 1178 2980 et
1207 2925 1434 2998 captus
1465 2925 1585 2977 est.
1635 2938 1733 2979 res
1766 2916 1998 2979 deinde
2028 2938 2066 2979 a
2097 2916 2369 2979 ducibus
2400 2915 2531 2977 Ro-

401 3004 612 3079 manis
671 3019 974 3081 omnibus
1015 3029 1182 3081 terra
1217 3016 1506 3099 marique
1549 3038 1863 3098 prospere,
1887 3028 2098 3099 gestas
2138 3018 2531 3080 deformaue-

303 3128 370 3177 25
399 3128 554 3180 runt
583 3120 922 3203 naufragia
951 3119 1276 3181 classium.
1316 3117 1462 3180 Tib.
1484 3116 1930 3180 Coruncanius
1959 3117 2205 3199 primus
2237 3139 2320 3179 ex
2346 3115 2533 3198 plebe

402 3220 696 3301 pontifex
723 3220 1044 3283 maximus
1076 3230 1324 3283 creatus
1356 3230 1474 3283 est.
1523 3221 1622 3282 M.
1650 3218 2069 3305 Sempronius
2095 3217 2377 3301 Sophus,
2414 3215 2527 3279 Μ’.

404 3321 702 3385 Valerius
734 3322 1065 3385 Maximus
1097 3343 1388 3387 censores
1419 3344 1571 3385 cum
1600 3311 1899 3385 senatum
1926 3322 2214 3405 legerent
2230 3338 2406 3412 {XVI
2438 3320 2535 3381 sess

407 3554 436 3603 3
464 3567 680 3622 quoque
705 3568 789 3602 om
814 3570 845 3603 r
870 3552 887 3621 [Ι
915 3553 1136 3609 tibicine
1161 3564 1388 3609 canente
1411 3576 1472 3619 g:
1509 3556 1767 3609 tibicinae
1792 3561 2047 3608 canentes
2083 3568 2129 3607 Ν
2148 3594 2161 3619 ,
2206 3554 2429 3607 tibicine
2452 3570 2537 3605 ca-

404 3639 595 3684 nentes
616 3650 670 3701 9,
699 3632 951 3686 tibicines
977 3645 1230 3689 canentes
1259 3656 1309 3701 ς,
1343 3637 1595 3691 tibicines
1609 3642 1877 3689 *canerent
1900 3642 1955 3688 et
1982 3654 2046 3698 ςν
2072 3634 2089 3703 Η
2116 3640 2147 3687 4
2173 3636 2283 3705 fun,
2308 3648 2358 3687 Ν
2380 3635 2397 3703 ΙΙ
2424 3638 2453 3685 5
2485 3641 2540 3685 et

407 3707 623 3761 Corsica
647 3726 732 3759 om
756 3726 787 3759 r
813 3709 829 3779 ΙΙ
858 3714 889 3762 6
931 3713 1198 3765 calasinus
1222 3726 1274 3767 N
1293 3716 1311 3783 ΙΙ
1341 3718 1368 3765 7
1395 3714 1575 3767 locum
1602 3713 1850 3783 iniquum
1867 3731 1898 3765 r
1922 3713 1940 3783 ΙΙ
1968 3713 2214 3767 duxisset
2243 3712 2539 3766 exercitum

403 3783 438 3835 i·
459 3782 478 3853 ss
505 3786 536 3835 9
564 3784 838 3837 conuertit
859 3804 891 3837 r
917 3787 934 3857 ΙΙ
966 3791 1027 3840 14
1053 3794 1440 3857 portentuosae
1478 3808 1512 3852 ς
1538 3792 1555 3859 ss
1587 3794 1648 3842 15
1674 3790 1910 3842 maxima
1933 3789 2169 3842 militum
2196 3787 2347 3840 clade
2372 3805 2403 3839 r
2428 3787 2446 3857 ll
2477 3790 2536 3838 17

406 3861 457 3915 ei
481 3882 565 3915 om
589 3880 621 3915 r
646 3864 664 3931 ss
696 3866 758 3915 18
786 3873 1114 3936 conquestus
1152 3884 1184 3919 r
1209 3867 1226 3935 ΙΙ
1258 3870 1320 3919 19
1345 3868 1671 3920 successoris
1697 3876 1813 3922 erat
1852 3887 1887 3930 ς
1903 3907 1916 3931 ,
1957 3865 2281 3921 successoris
2307 3866 2412 3919 fuit
2439 3886 2473 3927 ς
2498 3859 2523 3933 ’,Ι

411 3943 476 3992 20
501 3941 846 3995 mercenariis
873 3944 1236 3998 diuastaretur
1261 3963 1293 3998 r
1319 3945 1336 4015 ss
1364 3949 1427 3998 22
1455 3944 1715 3999 accersito
1757 3964 1789 3997 r
1815 3946 1832 4015 ss
1857 3948 1924 3997 24
1966 3945 2336 3998 deformauere
2373 3962 2404 3995 r
2429 3944 2447 4013 ΙΙ
2475 3947 2541 3996 26
2610 3984 2617 3990 .

405 4016 469 4069 Ρ.
513 4016 866 4087 Sempronius
905 4022 1154 4091 Siyonius
1195 4024 1214 4092 ss
1263 4022 1479 4092 Sophus
1525 4022 1823 4075 Frobenius
1840 4044 1859 4074 .·
1898 4022 2043 4075 tofus
2093 4034 2163 4085 N,
2217 4023 2445 4091 stophus
2480 4040 2537 4092 y,

407 4095 640 4165 scophus
686 4112 750 4157 ςν
775 4094 794 4164 ΙΙ
821 4096 920 4150 Μ’.
949 4098 1195 4152 Valerius
1221 4099 1496 4151 Maximus
1538 4098 1823 4167 Siqonius:
1875 4098 2111 4152 ualerius
2148 4098 2417 4153 maximus
2457 4117 2539 4166 ςν,

407 4190 491 4225 om
515 4184 634 4242 Nyg
659 4174 677 4243 ll
704 4175 768 4224 27
797 4183 1046 4245 regerent
1067 4182 1186 4247 Ny'g
1209 4178 1228 4247 l}
1254 4189 1372 4231 XIII
1402 4194 1483 4241 ςν,
1512 4190 1591 4229 xl,
1604 4192 1643 4244 y
1669 4174 1687 4245 ΙΙ
