<?xml version="1.0" encoding="UTF-8"?>
<!DOCTYPE html PUBLIC "-//W3C//DTD XHTML 1.0 Transitional//EN"
    "http://www.w3.org/TR/xhtml1/DTD/xhtml1-transitional.dtd">
<html xmlns="http://www.w3.org/1999/xhtml" xml:lang="en" lang="en">
 <head>
  <title>
</title>
<meta http-equiv="Content-Type" content="text/html;charset=utf-8" />
  <meta name='ocr-system' content='tesseract 3.04.00' />
  <meta name='ocr-capabilities' content='ocr_page ocr_carea ocr_par ocr_line ocrx_word'/>
</head>
<body>
  <div class='ocr_page' id='page_1' title='image "./tliviaburbecond00jahngoog_0151.png"; bbox 0 0 3052 4823; ppageno 0'>
   <div class='ocr_carea' id='block_1_1' title="bbox 345 1777 422 1832">
    <p class='ocr_par' dir='ltr' id='par_1_1' title="bbox 345 1777 422 1832">
     <span class='ocr_line' id='line_1_1' title="bbox 345 1777 422 1832; baseline 0.026 -2"><span class='ocrx_word' id='word_1_1' title='bbox 345 1777 422 1832; x_wconf 86' lang='lat'><strong>28</strong></span> 
     </span>
    </p>
   </div>
   <div class='ocr_carea' id='block_1_2' title="bbox 312 1854 444 1938">
    <p class='ocr_par' dir='ltr' id='par_1_2' title="bbox 312 1854 444 1938">
     <span class='ocr_line' id='line_1_2' title="bbox 312 1854 444 1938; baseline 0 0"><span class='ocrx_word' id='word_1_2' title='bbox 312 1854 444 1938; x_wconf 81' lang='lat'>[87]</span> 
     </span>
    </p>
   </div>
   <div class='ocr_carea' id='block_1_3' title="bbox 484 309 1871 372">
    <p class='ocr_par' dir='ltr' id='par_1_3' title="bbox 484 309 1871 372">
     <span class='ocr_line' id='line_1_3' title="bbox 484 309 1871 372; baseline -0.004 -3"><span class='ocrx_word' id='word_1_3' title='bbox 484 309 604 370; x_wconf 88' lang='lat'><strong>120</strong></span> <span class='ocrx_word' id='word_1_4' title='bbox 1218 324 1392 368; x_wconf 79' lang='lat' dir='ltr'>1vL11</span> <span class='ocrx_word' id='word_1_5' title='bbox 1425 324 1871 372; x_wconf 79' lang='lat' dir='ltr'><strong>OBSEQVENTIS</strong></span> 
     </span>
    </p>
   </div>
   <div class='ocr_carea' id='block_1_4' title="bbox 477 469 2737 1346">
    <p class='ocr_par' dir='ltr' id='par_1_4' title="bbox 477 469 2737 1346">
     <span class='ocr_line' id='line_1_4' title="bbox 477 469 2607 555; baseline -0.003 -17"><span class='ocrx_word' id='word_1_6' title='bbox 477 476 644 538; x_wconf 89' lang='lat' dir='ltr'><strong>lacte</strong></span> <span class='ocrx_word' id='word_1_7' title='bbox 674 474 802 538; x_wconf 90' lang='lat' dir='ltr'><strong>riui</strong></span> <span class='ocrx_word' id='word_1_8' title='bbox 831 483 1201 536; x_wconf 84' lang='lat' dir='ltr'><strong>manarunt.</strong></span> <span class='ocrx_word' id='word_1_9' title='bbox 1251 474 1478 536; x_wconf 88' lang='lat' dir='ltr'><strong>Lunae</strong></span> <span class='ocrx_word' id='word_1_10' title='bbox 1510 484 1679 536; x_wconf 89' lang='lat' dir='ltr'><strong>terra</strong></span> <span class='ocrx_word' id='word_1_11' title='bbox 1710 482 2014 555; x_wconf 89' lang='lat' dir='ltr'><strong>quattuor</strong></span> <span class='ocrx_word' id='word_1_12' title='bbox 2057 471 2353 554; x_wconf 89' lang='lat' dir='ltr'><strong>iugerum</strong></span> <span class='ocrx_word' id='word_1_13' title='bbox 2396 469 2607 552; x_wconf 85' lang='lat' dir='ltr'><strong>spatio</strong></span> 
     </span>
     <span class='ocr_line' id='line_1_5' title="bbox 477 571 2607 658; baseline -0.002 -20"><span class='ocrx_word' id='word_1_14' title='bbox 477 576 550 638; x_wconf 88' lang='lat' dir='ltr'><strong>in</strong></span> <span class='ocrx_word' id='word_1_15' title='bbox 577 577 970 658; x_wconf 89' lang='lat' dir='ltr'><strong>profundum</strong></span> <span class='ocrx_word' id='word_1_16' title='bbox 1000 575 1157 638; x_wconf 89' lang='lat' dir='ltr'><strong>abiit</strong></span> <span class='ocrx_word' id='word_1_17' title='bbox 1189 585 1254 638; x_wconf 90' lang='lat' dir='ltr'><strong>et</strong></span> <span class='ocrx_word' id='word_1_18' title='bbox 1282 597 1434 650; x_wconf 84' lang='lat' dir='ltr'><strong>mox</strong></span> <span class='ocrx_word' id='word_1_19' title='bbox 1465 576 1544 636; x_wconf 93' lang='lat' dir='ltr'><strong>de</strong></span> <span class='ocrx_word' id='word_1_20' title='bbox 1574 596 1849 636; x_wconf 89' lang='lat' dir='ltr'><strong>cauerna</strong></span> <span class='ocrx_word' id='word_1_21' title='bbox 1878 574 2094 636; x_wconf 89' lang='lat' dir='ltr'><strong>lacum</strong></span> <span class='ocrx_word' id='word_1_22' title='bbox 2122 571 2423 634; x_wconf 81' lang='lat' dir='ltr'><strong>reddidit.</strong></span> <span class='ocrx_word' id='word_1_23' title='bbox 2486 572 2607 634; x_wconf 85' lang='lat' dir='ltr'><strong>Ar-</strong></span> 
     </span>
     <span class='ocr_line' id='line_1_6' title="bbox 478 671 2611 760; baseline -0.003 -21"><span class='ocrx_word' id='word_1_24' title='bbox 478 678 634 740; x_wconf 90' lang='lat' dir='ltr'><strong>deae</strong></span> <span class='ocrx_word' id='word_1_25' title='bbox 665 687 830 739; x_wconf 86' lang='lat' dir='ltr'><strong>terra</strong></span> <span class='ocrx_word' id='word_1_26' title='bbox 859 677 1050 760; x_wconf 88' lang='lat' dir='ltr'><strong>pluit.</strong></span> <span class='ocrx_word' id='word_1_27' title='bbox 1112 676 1466 739; x_wconf 91' lang='lat' dir='ltr'><strong>Minturnis</strong></span> <span class='ocrx_word' id='word_1_28' title='bbox 1496 677 1691 758; x_wconf 89' lang='lat' dir='ltr'><strong>lupus</strong></span> <span class='ocrx_word' id='word_1_29' title='bbox 1722 674 1989 758; x_wconf 86' lang='lat' dir='ltr'><strong>uigilem</strong></span> <span class='ocrx_word' id='word_1_30' title='bbox 2018 673 2293 736; x_wconf 89' lang='lat' dir='ltr'><strong>laniauit</strong></span> <span class='ocrx_word' id='word_1_31' title='bbox 2336 682 2401 734; x_wconf 89' lang='lat' dir='ltr'><strong>et</strong></span> <span class='ocrx_word' id='word_1_32' title='bbox 2441 671 2611 734; x_wconf 91' lang='lat' dir='ltr'><strong>inter</strong></span> 
     </span>
     <span class='ocr_line' id='line_1_7' title="bbox 478 773 2607 860; baseline -0.002 -20"><span class='ocrx_word' id='word_1_33' title='bbox 478 778 833 841; x_wconf 92' lang='lat' dir='ltr'><strong>tumultum</strong></span> <span class='ocrx_word' id='word_1_34' title='bbox 864 777 1109 860; x_wconf 88' lang='lat' dir='ltr'><strong>effugit.</strong></span> <span class='ocrx_word' id='word_1_35' title='bbox 1161 779 1408 840; x_wconf 90' lang='lat' dir='ltr'><strong>Romae</strong></span> <span class='ocrx_word' id='word_1_36' title='bbox 1436 779 1613 840; x_wconf 91' lang='lat' dir='ltr'><strong>bubo</strong></span> <span class='ocrx_word' id='word_1_37' title='bbox 1643 789 1708 839; x_wconf 91' lang='lat' dir='ltr'><strong>et</strong></span> <span class='ocrx_word' id='word_1_38' title='bbox 1740 777 1868 839; x_wconf 89' lang='lat' dir='ltr'><strong>alia</strong></span> <span class='ocrx_word' id='word_1_39' title='bbox 1900 777 2037 838; x_wconf 89' lang='lat' dir='ltr'><strong>auis</strong></span> <span class='ocrx_word' id='word_1_40' title='bbox 2069 776 2294 858; x_wconf 89' lang='lat' dir='ltr'><strong>ignota</strong></span> <span class='ocrx_word' id='word_1_41' title='bbox 2320 773 2485 836; x_wconf 89' lang='lat' dir='ltr'><strong>uisa.</strong></span> <span class='ocrx_word' id='word_1_42' title='bbox 2536 773 2607 835; x_wconf 92' lang='lat' dir='ltr'><strong>in</strong></span> 
     </span>
     <span class='ocr_line' id='line_1_8' title="bbox 481 874 2737 962; baseline -0.003 -20"><span class='ocrx_word' id='word_1_43' title='bbox 481 880 634 942; x_wconf 83' lang='lat' dir='ltr'><strong>aede</strong></span> <span class='ocrx_word' id='word_1_44' title='bbox 675 879 947 942; x_wconf 89' lang='lat' dir='ltr'><strong>Iunonis</strong></span> <span class='ocrx_word' id='word_1_45' title='bbox 995 878 1286 961; x_wconf 84' lang='lat' dir='ltr'><strong>Reginae</strong></span> <span class='ocrx_word' id='word_1_46' title='bbox 1332 879 1569 940; x_wconf 88' lang='lat' dir='ltr'><strong>clausis</strong></span> <span class='ocrx_word' id='word_1_47' title='bbox 1614 901 1728 962; x_wconf 89' lang='lat' dir='ltr'><strong>per</strong></span> <span class='ocrx_word' id='word_1_48' title='bbox 1766 879 2041 941; x_wconf 88' lang='lat' dir='ltr'><strong>biduum</strong></span> <span class='ocrx_word' id='word_1_49' title='bbox 2080 877 2292 944; x_wconf 89' lang='lat' dir='ltr'><strong>ualuis</strong></span> <span class='ocrx_word' id='word_1_50' title='bbox 2336 874 2606 937; x_wconf 89' lang='lat' dir='ltr'><strong>infantis</strong></span> <span class='ocrx_word' id='word_1_51' title='bbox 2641 888 2671 935; x_wconf 87' lang='lat'>5</span> <span class='ocrx_word' id='word_1_52' title='bbox 2730 919 2737 925; x_wconf 91' lang='lat'><em>-</em></span> 
     </span>
     <span class='ocr_line' id='line_1_9' title="bbox 478 978 2603 1062; baseline -0.002 -20"><span class='ocrx_word' id='word_1_53' title='bbox 478 1003 610 1042; x_wconf 84' lang='lat' dir='ltr'><strong>uox</strong></span> <span class='ocrx_word' id='word_1_54' title='bbox 640 980 883 1042; x_wconf 88' lang='lat' dir='ltr'><strong>audita.</strong></span> <span class='ocrx_word' id='word_1_55' title='bbox 935 991 1116 1043; x_wconf 87' lang='lat' dir='ltr'><strong>scuta</strong></span> <span class='ocrx_word' id='word_1_56' title='bbox 1145 1001 1317 1042; x_wconf 92' lang='lat' dir='ltr'><strong>nouo</strong></span> <span class='ocrx_word' id='word_1_57' title='bbox 1349 979 1664 1062; x_wconf 88' lang='lat' dir='ltr'><strong>sanguine</strong></span> <span class='ocrx_word' id='word_1_58' title='bbox 1695 980 2042 1042; x_wconf 87' lang='lat' dir='ltr'><strong>maculata.</strong></span> <span class='ocrx_word' id='word_1_59' title='bbox 2078 978 2298 1060; x_wconf 88' lang='lat' dir='ltr'><strong>puella</strong></span> <span class='ocrx_word' id='word_1_60' title='bbox 2328 978 2603 1059; x_wconf 87' lang='lat' dir='ltr'><strong>quadru-</strong></span> 
     </span>
     <span class='ocr_line' id='line_1_10' title="bbox 478 1077 2609 1164; baseline -0.002 -22"><span class='ocrx_word' id='word_1_61' title='bbox 478 1103 590 1163; x_wconf 85' lang='lat' dir='ltr'><strong>pes</strong></span> <span class='ocrx_word' id='word_1_62' title='bbox 632 1090 808 1142; x_wconf 85' lang='lat' dir='ltr'><strong>nata.</strong></span> <span class='ocrx_word' id='word_1_63' title='bbox 867 1081 936 1141; x_wconf 93' lang='lat' dir='ltr'><strong>in</strong></span> <span class='ocrx_word' id='word_1_64' title='bbox 982 1102 1133 1162; x_wconf 84' lang='lat' dir='ltr'><strong>agro</strong></span> <span class='ocrx_word' id='word_1_65' title='bbox 1177 1081 1523 1142; x_wconf 83' lang='lat' dir='ltr'><strong>Ferentino</strong></span> <span class='ocrx_word' id='word_1_66' title='bbox 1568 1081 1980 1164; x_wconf 83' lang='lat' dir='ltr'><strong>androgynus</strong></span> <span class='ocrx_word' id='word_1_67' title='bbox 2025 1090 2219 1142; x_wconf 88' lang='lat' dir='ltr'><strong>natus</strong></span> <span class='ocrx_word' id='word_1_68' title='bbox 2264 1086 2330 1141; x_wconf 91' lang='lat' dir='ltr'><strong>et</strong></span> <span class='ocrx_word' id='word_1_69' title='bbox 2374 1077 2444 1138; x_wconf 94' lang='lat' dir='ltr'><strong>in</strong></span> <span class='ocrx_word' id='word_1_70' title='bbox 2487 1077 2609 1138; x_wconf 88' lang='lat' dir='ltr'><strong>flu-</strong></span> 
     </span>
     <span class='ocr_line' id='line_1_11' title="bbox 478 1178 2607 1266; baseline -0.001 -22"><span class='ocrx_word' id='word_1_71' title='bbox 478 1205 629 1244; x_wconf 87' lang='lat' dir='ltr'><strong>men</strong></span> <span class='ocrx_word' id='word_1_72' title='bbox 674 1181 981 1246; x_wconf 79' lang='lat' dir='ltr'><strong>deiectuS.</strong></span> <span class='ocrx_word' id='word_1_73' title='bbox 1043 1181 1326 1266; x_wconf 81' lang='lat' dir='ltr'><strong>uirgin&#39;es</strong></span> <span class='ocrx_word' id='word_1_74' title='bbox 1381 1193 1476 1245; x_wconf 90' lang='lat' dir='ltr'><strong>ter</strong></span> <span class='ocrx_word' id='word_1_75' title='bbox 1518 1203 1810 1244; x_wconf 81' lang='lat' dir='ltr'><strong>nouenae</strong></span> <span class='ocrx_word' id='word_1_76' title='bbox 1856 1193 2159 1244; x_wconf 86' lang='lat' dir='ltr'><strong>canentes</strong></span> <span class='ocrx_word' id='word_1_77' title='bbox 2205 1181 2428 1243; x_wconf 89' lang='lat' dir='ltr'><strong>urbem</strong></span> <span class='ocrx_word' id='word_1_78' title='bbox 2473 1178 2607 1241; x_wconf 86' lang='lat' dir='ltr'><strong>lus-</strong></span> 
     </span>
     <span class='ocr_line' id='line_1_12' title="bbox 478 1293 839 1346; baseline 0 0"><span class='ocrx_word' id='word_1_79' title='bbox 478 1293 839 1346; x_wconf 88' lang='lat' dir='ltr'><strong>trauerunt.</strong></span> 
     </span>
    </p>
   </div>
   <div class='ocr_carea' id='block_1_5' title="bbox 478 1417 2709 1686">
    <p class='ocr_par' dir='ltr' id='par_1_5' title="bbox 478 1417 2709 1686">
     <span class='ocr_line' id='line_1_13' title="bbox 480 1417 2709 1501; baseline -0.002 -19"><span class='ocrx_word' id='word_1_80' title='bbox 480 1461 534 1488; x_wconf 58' lang='grc' dir='ltr'><strong>,η</strong></span> <span class='ocrx_word' id='word_1_81' title='bbox 571 1418 640 1482; x_wconf 91' lang='lat' dir='ltr'><strong>in</strong></span> <span class='ocrx_word' id='word_1_82' title='bbox 700 1419 893 1482; x_wconf 89' lang='lat' dir='ltr'><strong>Italia</strong></span> <span class='ocrx_word' id='word_1_83' title='bbox 945 1419 1152 1482; x_wconf 91' lang='lat' dir='ltr'><strong>multa</strong></span> <span class='ocrx_word' id='word_1_84' title='bbox 1209 1418 1391 1480; x_wconf 88' lang='lat' dir='ltr'><strong>milia</strong></span> <span class='ocrx_word' id='word_1_85' title='bbox 1443 1441 1798 1494; x_wconf 84' lang='lat' dir='ltr'><strong>seruorum,</strong></span> <span class='ocrx_word' id='word_1_86' title='bbox 1862 1441 2025 1501; x_wconf 89' lang='lat' dir='ltr'><strong>quae</strong></span> <span class='ocrx_word' id='word_1_87' title='bbox 2086 1417 2604 1492; x_wconf 84' lang='lat' dir='ltr'><strong>coniurauerant,</strong></span> <span class='ocrx_word' id='word_1_88' title='bbox 2643 1429 2709 1478; x_wconf 89' lang='lat'><strong>10</strong></span> 
     </span>
     <span class='ocr_line' id='line_1_14' title="bbox 481 1519 2607 1604; baseline -0.002 -20"><span class='ocrx_word' id='word_1_89' title='bbox 481 1528 667 1604; x_wconf 81' lang='lat' dir='ltr'><strong>aegre</strong></span> <span class='ocrx_word' id='word_1_90' title='bbox 698 1522 1154 1604; x_wconf 88' lang='lat' dir='ltr'><strong>comprehensa</strong></span> <span class='ocrx_word' id='word_1_91' title='bbox 1195 1530 1260 1582; x_wconf 91' lang='lat' dir='ltr'><strong>et</strong></span> <span class='ocrx_word' id='word_1_92' title='bbox 1289 1520 1604 1603; x_wconf 89' lang='lat' dir='ltr'><strong>supplicio</strong></span> <span class='ocrx_word' id='word_1_93' title='bbox 1636 1529 2038 1602; x_wconf 90' lang='lat' dir='ltr'><strong>consumpta.</strong></span> <span class='ocrx_word' id='word_1_94' title='bbox 2087 1519 2159 1580; x_wconf 92' lang='lat' dir='ltr'><strong>in</strong></span> <span class='ocrx_word' id='word_1_95' title='bbox 2191 1519 2413 1582; x_wconf 86' lang='lat' dir='ltr'><strong>Sicilia</strong></span> <span class='ocrx_word' id='word_1_96' title='bbox 2442 1519 2607 1602; x_wconf 85' lang='lat' dir='ltr'><strong>fugi-</strong></span> 
     </span>
     <span class='ocr_line' id='line_1_15' title="bbox 478 1621 2432 1686; baseline -0.001 -2"><span class='ocrx_word' id='word_1_97' title='bbox 478 1622 603 1684; x_wconf 91' lang='lat' dir='ltr'><strong>tiui</strong></span> <span class='ocrx_word' id='word_1_98' title='bbox 633 1625 962 1686; x_wconf 86' lang='lat' dir='ltr'><strong>Romanos</strong></span> <span class='ocrx_word' id='word_1_99' title='bbox 993 1621 1307 1685; x_wconf 84' lang='lat' dir='ltr'><strong>exercitus</strong></span> <span class='ocrx_word' id='word_1_100' title='bbox 1337 1633 1757 1685; x_wconf 88' lang='lat' dir='ltr'><strong>necauerunt.</strong></span> <span class='ocrx_word' id='word_1_101' title='bbox 1806 1621 2167 1686; x_wconf 82' lang='lat' dir='ltr'><strong>Numantia</strong></span> <span class='ocrx_word' id='word_1_102' title='bbox 2196 1621 2432 1683; x_wconf 90' lang='lat' dir='ltr'><strong>diruta.</strong></span> 
     </span>
    </p>
   </div>
   <div class='ocr_carea' id='block_1_6' title="bbox 479 1779 2709 2168">
    <p class='ocr_par' dir='ltr' id='par_1_6' title="bbox 479 1779 2709 2168">
     <span class='ocr_line' id='line_1_16' title="bbox 485 1779 2611 1864; baseline -0.001 -20"><span class='ocrx_word' id='word_1_103' title='bbox 485 1783 562 1844; x_wconf 88' lang='lat' dir='ltr'><strong>C.</strong></span> <span class='ocrx_word' id='word_1_104' title='bbox 599 1781 872 1844; x_wconf 86' lang='lat' dir='ltr'><strong>Claudio</strong></span> <span class='ocrx_word' id='word_1_105' title='bbox 905 1783 999 1844; x_wconf 87' lang='lat' dir='ltr'><strong>M.</strong></span> <span class='ocrx_word' id='word_1_106' title='bbox 1038 1784 1362 1864; x_wconf 83' lang='lat' dir='ltr'><strong>Perperna</strong></span> <span class='ocrx_word' id='word_1_107' title='bbox 1405 1803 1565 1844; x_wconf 88' lang='lat' dir='ltr'><strong>coss.</strong></span> <span class='ocrx_word' id='word_1_108' title='bbox 1629 1783 1835 1844; x_wconf 85' lang='lat' dir='ltr'><strong>Reate</strong></span> <span class='ocrx_word' id='word_1_109' title='bbox 1876 1782 2093 1844; x_wconf 91' lang='lat' dir='ltr'><strong>mulus</strong></span> <span class='ocrx_word' id='word_1_110' title='bbox 2138 1803 2283 1842; x_wconf 82' lang='lat' dir='ltr'><strong>cum</strong></span> <span class='ocrx_word' id='word_1_111' title='bbox 2326 1779 2611 1862; x_wconf 92' lang='lat' dir='ltr'><strong>quinque</strong></span> 
     </span>
     <span class='ocr_line' id='line_1_17' title="bbox 479 1881 2610 1966; baseline -0.001 -22"><span class='ocrx_word' id='word_1_112' title='bbox 479 1882 748 1964; x_wconf 88' lang='lat' dir='ltr'><strong>pedibus</strong></span> <span class='ocrx_word' id='word_1_113' title='bbox 779 1892 994 1945; x_wconf 77' lang='lat' dir='ltr'><strong>natus·</strong></span> <span class='ocrx_word' id='word_1_114' title='bbox 1054 1885 1302 1946; x_wconf 86' lang='lat' dir='ltr'><strong>Romae</strong></span> <span class='ocrx_word' id='word_1_115' title='bbox 1345 1882 1416 1944; x_wconf 96' lang='lat' dir='ltr'><strong>in</strong></span> <span class='ocrx_word' id='word_1_116' title='bbox 1448 1881 1854 1946; x_wconf 83' lang='lat' dir='ltr'><strong>Graecostasi</strong></span> <span class='ocrx_word' id='word_1_117' title='bbox 1884 1884 2050 1946; x_wconf 89' lang='lat' dir='ltr'><strong>lacte</strong></span> <span class='ocrx_word' id='word_1_118' title='bbox 2080 1881 2271 1966; x_wconf 89' lang='lat' dir='ltr'><strong>pluit.</strong></span> <span class='ocrx_word' id='word_1_119' title='bbox 2319 1882 2513 1963; x_wconf 91' lang='lat' dir='ltr'><strong>lupus</strong></span> <span class='ocrx_word' id='word_1_120' title='bbox 2545 1890 2610 1943; x_wconf 90' lang='lat' dir='ltr'><strong>et</strong></span> 
     </span>
     <span class='ocr_line' id='line_1_18' title="bbox 480 1980 2709 2067; baseline 0.001 -25"><span class='ocrx_word' id='word_1_121' title='bbox 480 1981 656 2044; x_wconf 89' lang='lat' dir='ltr'><strong>canis</strong></span> <span class='ocrx_word' id='word_1_122' title='bbox 689 1982 908 2045; x_wconf 89' lang='lat' dir='ltr'><strong>Ostiae</strong></span> <span class='ocrx_word' id='word_1_123' title='bbox 937 1994 1301 2067; x_wconf 86' lang='lat' dir='ltr'><strong>pugnantes</strong></span> <span class='ocrx_word' id='word_1_124' title='bbox 1330 1983 1603 2046; x_wconf 89' lang='lat' dir='ltr'><strong>fulmine</strong></span> <span class='ocrx_word' id='word_1_125' title='bbox 1635 1984 2009 2046; x_wconf 83' lang='lat' dir='ltr'><strong>exanimati.</strong></span> <span class='ocrx_word' id='word_1_126' title='bbox 2072 2006 2229 2066; x_wconf 86' lang='lat' dir='ltr'><strong>grex</strong></span> <span class='ocrx_word' id='word_1_127' title='bbox 2276 1983 2499 2046; x_wconf 91' lang='lat' dir='ltr'><strong>ouium</strong></span> <span class='ocrx_word' id='word_1_128' title='bbox 2539 1980 2607 2042; x_wconf 91' lang='lat' dir='ltr'><strong>in</strong></span> <span class='ocrx_word' id='word_1_129' title='bbox 2648 1994 2709 2044; x_wconf 88' lang='grc'><strong>15</strong></span> 
     </span>
     <span class='ocr_line' id='line_1_19' title="bbox 479 2083 2608 2168; baseline 0.001 -25"><span class='ocrx_word' id='word_1_130' title='bbox 479 2083 721 2164; x_wconf 87' lang='lat' dir='ltr'><strong>Apulia</strong></span> <span class='ocrx_word' id='word_1_131' title='bbox 749 2089 787 2160; x_wconf 93' lang='lat'><strong>†</strong></span> <span class='ocrx_word' id='word_1_132' title='bbox 829 2095 1084 2167; x_wconf 89' lang='lat' dir='ltr'><strong>praetor</strong></span> <span class='ocrx_word' id='word_1_133' title='bbox 1121 2084 1347 2168; x_wconf 90' lang='lat' dir='ltr'><strong>populi</strong></span> <span class='ocrx_word' id='word_1_134' title='bbox 1390 2086 1671 2149; x_wconf 85' lang='lat' dir='ltr'><strong>Romani</strong></span> <span class='ocrx_word' id='word_1_135' title='bbox 1716 2109 1848 2150; x_wconf 90' lang='lat' dir='ltr'><strong>uno</strong></span> <span class='ocrx_word' id='word_1_136' title='bbox 1892 2085 2027 2147; x_wconf 92' lang='lat' dir='ltr'><strong>ictu</strong></span> <span class='ocrx_word' id='word_1_137' title='bbox 2073 2084 2346 2147; x_wconf 87' lang='lat' dir='ltr'><strong>fulmine</strong></span> <span class='ocrx_word' id='word_1_138' title='bbox 2390 2083 2608 2146; x_wconf 85' lang='lat' dir='ltr'><strong>exani-</strong></span> 
     </span>
    </p>
   </div>
   <div class='ocr_carea' id='block_1_7' title="bbox 399 2185 2607 2270">
    <p class='ocr_par' dir='ltr' id='par_1_7' title="bbox 399 2185 2607 2270">
     <span class='ocr_line' id='line_1_20' title="bbox 399 2185 2607 2270; baseline 0.001 -26"><span class='ocrx_word' id='word_1_139' title='bbox 399 2239 407 2244; x_wconf 85' lang='lat'><strong>.</strong></span> <span class='ocrx_word' id='word_1_140' title='bbox 479 2193 714 2246; x_wconf 87' lang='lat' dir='ltr'><strong>matus.</strong></span> <span class='ocrx_word' id='word_1_141' title='bbox 765 2185 1145 2250; x_wconf 82' lang='lat' dir='ltr'><strong>Tarracinae</strong></span> <span class='ocrx_word' id='word_1_142' title='bbox 1177 2209 1396 2251; x_wconf 91' lang='lat' dir='ltr'><strong>sereno</strong></span> <span class='ocrx_word' id='word_1_143' title='bbox 1427 2188 1617 2251; x_wconf 91' lang='lat' dir='ltr'><strong>nauis</strong></span> <span class='ocrx_word' id='word_1_144' title='bbox 1656 2189 1877 2250; x_wconf 89' lang='lat' dir='ltr'><strong>uelum</strong></span> <span class='ocrx_word' id='word_1_145' title='bbox 1927 2185 2223 2270; x_wconf 89' lang='lat' dir='ltr'><strong>[fulmine</strong></span> <span class='ocrx_word' id='word_1_146' title='bbox 2282 2185 2607 2247; x_wconf 87' lang='lat' dir='ltr'><strong>exanima-</strong></span> 
     </span>
    </p>
   </div>
   <div class='ocr_carea' id='block_1_8' title="bbox 479 2285 2713 2879">
    <p class='ocr_par' dir='ltr' id='par_1_8' title="bbox 479 2285 2713 2879">
     <span class='ocr_line' id='line_1_21' title="bbox 481 2285 2611 2371; baseline 0.001 -25"><span class='ocrx_word' id='word_1_147' title='bbox 481 2285 648 2370; x_wconf 87' lang='lat' dir='ltr'><strong>tum]</strong></span> <span class='ocrx_word' id='word_1_148' title='bbox 684 2285 754 2347; x_wconf 93' lang='lat' dir='ltr'><strong>in</strong></span> <span class='ocrx_word' id='word_1_149' title='bbox 785 2308 952 2370; x_wconf 91' lang='lat' dir='ltr'><strong>aqua</strong></span> <span class='ocrx_word' id='word_1_150' title='bbox 981 2288 1341 2365; x_wconf 85' lang='lat' dir='ltr'><strong>deiectum,</strong></span> <span class='ocrx_word' id='word_1_151' title='bbox 1377 2298 1441 2352; x_wconf 92' lang='lat' dir='ltr'><strong>et</strong></span> <span class='ocrx_word' id='word_1_152' title='bbox 1484 2289 1806 2371; x_wconf 89' lang='lat' dir='ltr'><strong>impensas</strong></span> <span class='ocrx_word' id='word_1_153' title='bbox 1850 2310 2070 2352; x_wconf 90' lang='lat' dir='ltr'><strong>omnes</strong></span> <span class='ocrx_word' id='word_1_154' title='bbox 2116 2309 2277 2370; x_wconf 91' lang='lat' dir='ltr'><strong>quae</strong></span> <span class='ocrx_word' id='word_1_155' title='bbox 2307 2286 2398 2349; x_wconf 93' lang='lat' dir='ltr'><strong>ibi</strong></span> <span class='ocrx_word' id='word_1_156' title='bbox 2429 2297 2611 2349; x_wconf 87' lang='lat' dir='ltr'><strong>erant</strong></span> 
     </span>
     <span class='ocr_line' id='line_1_22' title="bbox 479 2386 2607 2471; baseline 0.001 -24"><span class='ocrx_word' id='word_1_157' title='bbox 479 2386 648 2469; x_wconf 88' lang='lat' dir='ltr'><strong>ignis</strong></span> <span class='ocrx_word' id='word_1_158' title='bbox 682 2388 1058 2471; x_wconf 88' lang='lat' dir='ltr'><strong>absumpsit.</strong></span> <span class='ocrx_word' id='word_1_159' title='bbox 1109 2391 1381 2455; x_wconf 88' lang='lat' dir='ltr'><strong>Publius</strong></span> <span class='ocrx_word' id='word_1_160' title='bbox 1413 2392 1680 2455; x_wconf 87' lang='lat' dir='ltr'><strong>Crassus</strong></span> <span class='ocrx_word' id='word_1_161' title='bbox 1714 2392 2019 2453; x_wconf 89' lang='lat' dir='ltr'><strong>aduersus</strong></span> <span class='ocrx_word' id='word_1_162' title='bbox 2051 2387 2489 2452; x_wconf 87' lang='lat' dir='ltr'><strong>Aristonicum</strong></span> <span class='ocrx_word' id='word_1_163' title='bbox 2513 2387 2607 2450; x_wconf 88' lang='lat' dir='ltr'><strong>di-</strong></span> 
     </span>
     <span class='ocr_line' id='line_1_23' title="bbox 479 2487 2713 2574; baseline 0 -25"><span class='ocrx_word' id='word_1_164' title='bbox 479 2487 725 2551; x_wconf 87' lang='lat' dir='ltr'><strong>micans</strong></span> <span class='ocrx_word' id='word_1_165' title='bbox 758 2490 1024 2553; x_wconf 90' lang='lat' dir='ltr'><strong>occisus.</strong></span> <span class='ocrx_word' id='word_1_166' title='bbox 1062 2493 1382 2574; x_wconf 88' lang='lat' dir='ltr'><strong>Apollinis</strong></span> <span class='ocrx_word' id='word_1_167' title='bbox 1414 2493 1829 2556; x_wconf 88' lang='lat' dir='ltr'><strong>simulacrum</strong></span> <span class='ocrx_word' id='word_1_168' title='bbox 1854 2491 2077 2555; x_wconf 90' lang='lat' dir='ltr'><strong>Cumis</strong></span> <span class='ocrx_word' id='word_1_169' title='bbox 2103 2490 2467 2552; x_wconf 90' lang='lat' dir='ltr'><strong>lacrimauit</strong></span> <span class='ocrx_word' id='word_1_170' title='bbox 2493 2512 2608 2571; x_wconf 88' lang='lat' dir='ltr'><strong>per</strong></span> <span class='ocrx_word' id='word_1_171' title='bbox 2644 2501 2713 2550; x_wconf 86' lang='lat'><strong>20</strong></span> 
     </span>
     <span class='ocr_line' id='line_1_24' title="bbox 482 2590 2607 2676; baseline 0.001 -26"><span class='ocrx_word' id='word_1_172' title='bbox 482 2590 918 2671; x_wconf 88' lang='lat' dir='ltr'><strong>quatriduum.</strong></span> <span class='ocrx_word' id='word_1_173' title='bbox 999 2604 1180 2655; x_wconf 88' lang='lat' dir='ltr'><strong>uates</strong></span> <span class='ocrx_word' id='word_1_174' title='bbox 1235 2596 1703 2676; x_wconf 85' lang='lat' dir='ltr'><strong>responderunt</strong></span> <span class='ocrx_word' id='word_1_175' title='bbox 1764 2592 2075 2657; x_wconf 87' lang='lat' dir='ltr'><strong>Graeciae</strong></span> <span class='ocrx_word' id='word_1_176' title='bbox 2118 2593 2251 2655; x_wconf 89' lang='lat' dir='ltr'><strong>fore</strong></span> <span class='ocrx_word' id='word_1_177' title='bbox 2311 2592 2607 2666; x_wconf 86' lang='lat' dir='ltr'><strong>exitium,</strong></span> 
     </span>
     <span class='ocr_line' id='line_1_25' title="bbox 481 2692 2607 2757; baseline 0.001 -5"><span class='ocrx_word' id='word_1_178' title='bbox 481 2692 655 2753; x_wconf 91' lang='lat' dir='ltr'><strong>unde</strong></span> <span class='ocrx_word' id='word_1_179' title='bbox 687 2692 1033 2754; x_wconf 90' lang='lat' dir='ltr'><strong>deductum</strong></span> <span class='ocrx_word' id='word_1_180' title='bbox 1064 2705 1252 2756; x_wconf 90' lang='lat' dir='ltr'><strong>esset.</strong></span> <span class='ocrx_word' id='word_1_181' title='bbox 1317 2696 1743 2757; x_wconf 87' lang='lat' dir='ltr'><strong>sacrificatum</strong></span> <span class='ocrx_word' id='word_1_182' title='bbox 1777 2706 1916 2756; x_wconf 89' lang='lat' dir='ltr'><strong>tum</strong></span> <span class='ocrx_word' id='word_1_183' title='bbox 1964 2716 2000 2755; x_wconf 93' lang='lat' dir='ltr'><strong>a</strong></span> <span class='ocrx_word' id='word_1_184' title='bbox 2045 2692 2359 2755; x_wconf 86' lang='lat' dir='ltr'><strong>Romanis</strong></span> <span class='ocrx_word' id='word_1_185' title='bbox 2410 2695 2607 2756; x_wconf 90' lang='lat' dir='ltr'><strong>dona-</strong></span> 
     </span>
     <span class='ocr_line' id='line_1_26' title="bbox 480 2792 2608 2879; baseline 0.002 -28"><span class='ocrx_word' id='word_1_186' title='bbox 480 2813 604 2874; x_wconf 90' lang='lat' dir='ltr'><strong>que</strong></span> <span class='ocrx_word' id='word_1_187' title='bbox 635 2792 703 2852; x_wconf 90' lang='lat' dir='ltr'><strong>in</strong></span> <span class='ocrx_word' id='word_1_188' title='bbox 736 2793 976 2875; x_wconf 91' lang='lat' dir='ltr'><strong>templo</strong></span> <span class='ocrx_word' id='word_1_189' title='bbox 1005 2793 1234 2875; x_wconf 84' lang='lat' dir='ltr'><strong>posita.</strong></span> <span class='ocrx_word' id='word_1_190' title='bbox 1291 2796 1579 2879; x_wconf 80' lang='lat' dir='ltr'><strong>Phrygia</strong></span> <span class='ocrx_word' id='word_1_191' title='bbox 1610 2832 1635 2858; x_wconf 42' lang='grc' dir='ltr'><strong>«ε</strong></span> <span class='ocrx_word' id='word_1_192' title='bbox 1678 2806 1934 2877; x_wconf 87' lang='lat' dir='ltr'><strong>recepta</strong></span> <span class='ocrx_word' id='word_1_193' title='bbox 1963 2794 2142 2871; x_wconf 88' lang='lat' dir='ltr'><strong>Asia,</strong></span> <span class='ocrx_word' id='word_1_194' title='bbox 2177 2794 2386 2857; x_wconf 86' lang='lat' dir='ltr'><strong>Attali</strong></span> <span class='ocrx_word' id='word_1_195' title='bbox 2417 2803 2608 2857; x_wconf 88' lang='lat' dir='ltr'><strong>testa-</strong></span> 
     </span>
    </p>
   </div>
   <div class='ocr_carea' id='block_1_9' title="bbox 465 2966 2619 3351">
    <p class='ocr_par' dir='ltr' id='par_1_9' title="bbox 465 2966 2619 3351">
     <span class='ocr_line' id='line_1_27' title="bbox 483 2966 2619 3041; baseline 0 -22"><span class='ocrx_word' id='word_1_196' title='bbox 483 2970 513 3019; x_wconf 88' lang='lat'>6</span> <span class='ocrx_word' id='word_1_197' title='bbox 552 2984 698 3019; x_wconf 90' lang='lat' dir='ltr'><strong>noua</strong></span> <span class='ocrx_word' id='word_1_198' title='bbox 751 2968 989 3037; x_wconf 76' lang='lat' dir='ltr'><strong>Cuperus</strong></span> <span class='ocrx_word' id='word_1_199' title='bbox 1031 2968 1063 3038; x_wconf 51' lang='lat' dir='ltr'><strong>ss,</strong></span> <span class='ocrx_word' id='word_1_200' title='bbox 1095 2973 1156 3022; x_wconf 84' lang='lat'><strong>10</strong></span> <span class='ocrx_word' id='word_1_201' title='bbox 1203 2971 1266 3023; x_wconf 89' lang='grc' dir='ltr'><strong>Ρ.</strong></span> <span class='ocrx_word' id='word_1_202' title='bbox 1308 2971 1543 3041; x_wconf 89' lang='lat' dir='ltr'><strong>Popillio</strong></span> <span class='ocrx_word' id='word_1_203' title='bbox 1580 2972 1643 3023; x_wconf 89' lang='lat' dir='ltr'><strong>P.</strong></span> <span class='ocrx_word' id='word_1_204' title='bbox 1684 2970 1909 3039; x_wconf 86' lang='lat' dir='ltr'><strong>Rupilio</strong></span> <span class='ocrx_word' id='word_1_205' title='bbox 1946 2986 2085 3021; x_wconf 88' lang='lat' dir='ltr'><strong>coss.</strong></span> <span class='ocrx_word' id='word_1_206' title='bbox 2123 2967 2371 3021; x_wconf 54' lang='lat' dir='ltr'><strong>excidas-se</strong></span> <span class='ocrx_word' id='word_1_207' title='bbox 2410 2966 2619 3019; x_wconf 71' lang='lat' dir='ltr'><strong>monuit</strong></span> 
     </span>
     <span class='ocr_line' id='line_1_28' title="bbox 488 3044 2613 3117; baseline 0.001 -23"><span class='ocrx_word' id='word_1_208' title='bbox 488 3044 888 3112; x_wconf 74' lang='lat' dir='ltr'><strong>Oudendorpius</strong></span> <span class='ocrx_word' id='word_1_209' title='bbox 915 3046 932 3113; x_wconf 77' lang='grc' dir='ltr'><strong><em>Η</em></strong></span> <span class='ocrx_word' id='word_1_210' title='bbox 965 3051 1024 3100; x_wconf 88' lang='grc'><strong>13</strong></span> <span class='ocrx_word' id='word_1_211' title='bbox 1050 3048 1108 3100; x_wconf 89' lang='lat' dir='ltr'><strong>C.</strong></span> <span class='ocrx_word' id='word_1_212' title='bbox 1138 3046 1438 3099; x_wconf 73' lang='lat' dir='ltr'><strong>Panninius</strong></span> <span class='ocrx_word' id='word_1_213' title='bbox 1457 3068 1474 3097; x_wconf 93' lang='lat'><strong>.·</strong></span> <span class='ocrx_word' id='word_1_214' title='bbox 1511 3047 1691 3117; x_wconf 85' lang='lat' dir='ltr'><strong>Appio</strong></span> <span class='ocrx_word' id='word_1_215' title='bbox 1719 3066 1753 3098; x_wconf 88' lang='lat' dir='ltr'><strong>a</strong></span> <span class='ocrx_word' id='word_1_216' title='bbox 1780 3048 1796 3115; x_wconf 65' lang='lat' dir='ltr'><strong>{i</strong></span> <span class='ocrx_word' id='word_1_217' title='bbox 1830 3050 1889 3097; x_wconf 73' lang='lat'><strong>14</strong></span> <span class='ocrx_word' id='word_1_218' title='bbox 1931 3044 2272 3097; x_wconf 86' lang='lat' dir='ltr'><strong>Graecostasi</strong></span> <span class='ocrx_word' id='word_1_219' title='bbox 2307 3046 2613 3096; x_wconf 76' lang='lat' dir='ltr'><strong>Munkerus</strong></span> 
     </span>
     <span class='ocr_line' id='line_1_29' title="bbox 483 3122 2614 3195; baseline -0 -21"><span class='ocrx_word' id='word_1_220' title='bbox 483 3124 556 3175; x_wconf 79' lang='lat' dir='ltr'><strong>ad</strong></span> <span class='ocrx_word' id='word_1_221' title='bbox 578 3124 858 3176; x_wconf 75' lang='lat' dir='ltr'><strong>Lactantii</strong></span> <span class='ocrx_word' id='word_1_222' title='bbox 879 3144 1089 3195; x_wconf 70' lang='lat' dir='ltr'><strong>arqum.</strong></span> <span class='ocrx_word' id='word_1_223' title='bbox 1118 3132 1331 3179; x_wconf 75' lang='lat' dir='ltr'><strong>metam.</strong></span> <span class='ocrx_word' id='word_1_224' title='bbox 1358 3140 1438 3189; x_wconf 84' lang='lat' dir='ltr'><strong>VI,</strong></span> <span class='ocrx_word' id='word_1_225' title='bbox 1471 3131 1499 3179; x_wconf 91' lang='lat'><strong>3</strong></span> <span class='ocrx_word' id='word_1_226' title='bbox 1517 3148 1536 3177; x_wconf 91' lang='lat'><em>:</em></span> <span class='ocrx_word' id='word_1_227' title='bbox 1564 3144 1695 3195; x_wconf 87' lang='lat' dir='ltr'><strong>agro</strong></span> <span class='ocrx_word' id='word_1_228' title='bbox 1722 3124 1932 3178; x_wconf 85' lang='lat' dir='ltr'><strong>Cortasi</strong></span> <span class='ocrx_word' id='word_1_229' title='bbox 1958 3142 1991 3175; x_wconf 85' lang='lat' dir='ltr'><strong>a</strong></span> <span class='ocrx_word' id='word_1_230' title='bbox 2018 3125 2035 3192; x_wconf 70' lang='grc' dir='ltr'>Π</span> <span class='ocrx_word' id='word_1_231' title='bbox 2069 3128 2129 3175; x_wconf 84' lang='grc'><strong>16</strong></span> <span class='ocrx_word' id='word_1_232' title='bbox 2154 3122 2398 3176; x_wconf 88' lang='lat' dir='ltr'><strong>fulminis</strong></span> <span class='ocrx_word' id='word_1_233' title='bbox 2426 3123 2614 3189; x_wconf 63' lang='lat' dir='ltr'><strong>Schef-</strong></span> 
     </span>
     <span class='ocr_line' id='line_1_30' title="bbox 465 3200 2613 3271; baseline -0.001 -17"><span class='ocrx_word' id='word_1_234' title='bbox 465 3204 630 3270; x_wconf 71' lang='lat' dir='ltr'><strong>ferus</strong></span> <span class='ocrx_word' id='word_1_235' title='bbox 656 3203 672 3271; x_wconf 78' lang='grc' dir='ltr'><strong>ΙΙ</strong></span> <span class='ocrx_word' id='word_1_236' title='bbox 702 3207 764 3255; x_wconf 87' lang='grc'><strong>20</strong></span> <span class='ocrx_word' id='word_1_237' title='bbox 777 3205 1112 3271; x_wconf 53' lang='lat' dir='ltr'><strong>Anytus-tinus</strong></span> <span class='ocrx_word' id='word_1_238' title='bbox 1138 3206 1200 3257; x_wconf 86' lang='lat' dir='ltr'><strong>de</strong></span> <span class='ocrx_word' id='word_1_239' title='bbox 1223 3205 1439 3258; x_wconf 75' lang='lat' dir='ltr'><strong>ciuitate</strong></span> <span class='ocrx_word' id='word_1_240' title='bbox 1453 3206 1540 3257; x_wconf 72' lang='lat' dir='ltr'><strong>dez·</strong></span> <span class='ocrx_word' id='word_1_241' title='bbox 1570 3218 1663 3269; x_wconf 89' lang='lat'>111,</span> <span class='ocrx_word' id='word_1_242' title='bbox 1691 3208 1745 3255; x_wconf 95' lang='lat'><strong>11</strong></span> <span class='ocrx_word' id='word_1_243' title='bbox 1773 3202 1972 3271; x_wconf 86' lang='lat' dir='ltr'><strong>‘neque</strong></span> <span class='ocrx_word' id='word_1_244' title='bbox 1998 3202 2141 3253; x_wconf 89' lang='lat' dir='ltr'><strong>enim</strong></span> <span class='ocrx_word' id='word_1_245' title='bbox 2168 3201 2388 3255; x_wconf 88' lang='lat' dir='ltr'><strong>aliunde</strong></span> <span class='ocrx_word' id='word_1_246' title='bbox 2412 3200 2613 3269; x_wconf 91' lang='lat' dir='ltr'><strong>Apollo</strong></span> 
     </span>
     <span class='ocr_line' id='line_1_31' title="bbox 481 3279 2613 3351; baseline -0.001 -20"><span class='ocrx_word' id='word_1_247' title='bbox 481 3279 574 3331; x_wconf 90' lang='lat' dir='ltr'><strong>ille</strong></span> <span class='ocrx_word' id='word_1_248' title='bbox 601 3281 875 3333; x_wconf 81' lang='lat' dir='ltr'><strong>Cumanus</strong></span> <span class='ocrx_word' id='word_1_249' title='bbox 915 3300 1038 3335; x_wconf 91' lang='lat' dir='ltr'><strong>cum</strong></span> <span class='ocrx_word' id='word_1_250' title='bbox 1063 3284 1326 3336; x_wconf 85' lang='lat' dir='ltr'><strong>aduersus</strong></span> <span class='ocrx_word' id='word_1_251' title='bbox 1349 3284 1597 3335; x_wconf 87' lang='lat' dir='ltr'><strong>Achaeos</strong></span> <span class='ocrx_word' id='word_1_252' title='bbox 1622 3296 1914 3351; x_wconf 87' lang='lat' dir='ltr'><strong>regemque</strong></span> <span class='ocrx_word' id='word_1_253' title='bbox 1943 3279 2316 3331; x_wconf 88' lang='lat' dir='ltr'><strong>Aristonicum</strong></span> <span class='ocrx_word' id='word_1_254' title='bbox 2341 3295 2374 3329; x_wconf 89' lang='lat' dir='ltr'><strong>a</strong></span> <span class='ocrx_word' id='word_1_255' title='bbox 2410 3279 2613 3329; x_wconf 86' lang='lat' dir='ltr'><strong>Roma-</strong></span> 
     </span>
    </p>
   </div>
   <div class='ocr_carea' id='block_1_10' title="bbox 395 3354 2613 3431">
    <p class='ocr_par' dir='ltr' id='par_1_10' title="bbox 395 3354 2613 3431">
     <span class='ocr_line' id='line_1_32' title="bbox 395 3354 2613 3431; baseline -0.002 -21"><span class='ocrx_word' id='word_1_256' title='bbox 395 3354 402 3359; x_wconf 73' lang='grc'><strong>”</strong></span> <span class='ocrx_word' id='word_1_257' title='bbox 481 3360 567 3411; x_wconf 90' lang='lat' dir='ltr'><strong>nis</strong></span> <span class='ocrx_word' id='word_1_258' title='bbox 609 3361 904 3412; x_wconf 86' lang='lat' dir='ltr'><strong>bellaretur</strong></span> <span class='ocrx_word' id='word_1_259' title='bbox 929 3362 1220 3431; x_wconf 89' lang='lat' dir='ltr'><strong>quatriduo</strong></span> <span class='ocrx_word' id='word_1_260' title='bbox 1245 3363 1458 3416; x_wconf 82' lang='lat' dir='ltr'><strong>fleuisse</strong></span> <span class='ocrx_word' id='word_1_261' title='bbox 1483 3364 1769 3415; x_wconf 86' lang='lat' dir='ltr'><strong>nuntiatus</strong></span> <span class='ocrx_word' id='word_1_262' title='bbox 1796 3366 1896 3422; x_wconf 87' lang='lat' dir='ltr'><strong>est,</strong></span> <span class='ocrx_word' id='word_1_263' title='bbox 1926 3375 2035 3427; x_wconf 89' lang='lat' dir='ltr'><strong>quo</strong></span> <span class='ocrx_word' id='word_1_264' title='bbox 2060 3357 2312 3427; x_wconf 86' lang='lat' dir='ltr'><strong>prodigio</strong></span> <span class='ocrx_word' id='word_1_265' title='bbox 2338 3355 2613 3424; x_wconf 81' lang='lat' dir='ltr'><strong>aruspices</strong></span> 
     </span>
    </p>
   </div>
   <div class='ocr_carea' id='block_1_11' title="bbox 480 3433 2699 4201">
    <p class='ocr_par' dir='ltr' id='par_1_11' title="bbox 482 3433 2614 3585">
     <span class='ocr_line' id='line_1_33' title="bbox 482 3433 2614 3509; baseline -0 -23"><span class='ocrx_word' id='word_1_266' title='bbox 482 3435 659 3487; x_wconf 85' lang='lat' dir='ltr'><strong>territi</strong></span> <span class='ocrx_word' id='word_1_267' title='bbox 696 3454 819 3489; x_wconf 91' lang='lat' dir='ltr'><strong>cum</strong></span> <span class='ocrx_word' id='word_1_268' title='bbox 856 3438 913 3489; x_wconf 92' lang='lat' dir='ltr'><strong>id</strong></span> <span class='ocrx_word' id='word_1_269' title='bbox 949 3438 1294 3491; x_wconf 83' lang='lat' dir='ltr'><strong>simulacrum</strong></span> <span class='ocrx_word' id='word_1_270' title='bbox 1320 3440 1378 3491; x_wconf 93' lang='lat' dir='ltr'><strong>in</strong></span> <span class='ocrx_word' id='word_1_271' title='bbox 1402 3458 1551 3491; x_wconf 89' lang='lat' dir='ltr'><strong>mare</strong></span> <span class='ocrx_word' id='word_1_272' title='bbox 1574 3440 1918 3509; x_wconf 80' lang='lat' dir='ltr'><strong>putauissent</strong></span> <span class='ocrx_word' id='word_1_273' title='bbox 1942 3454 2059 3489; x_wconf 84' lang='lat' dir='ltr'><strong>esse</strong></span> <span class='ocrx_word' id='word_1_274' title='bbox 2084 3435 2476 3505; x_wconf 84' lang='lat' dir='ltr'><strong>proiciendum,</strong></span> <span class='ocrx_word' id='word_1_275' title='bbox 2508 3433 2614 3487; x_wconf 85' lang='lat' dir='ltr'><strong>Cu-</strong></span> 
     </span>
     <span class='ocr_line' id='line_1_34' title="bbox 482 3511 2612 3585; baseline 0.002 -24"><span class='ocrx_word' id='word_1_276' title='bbox 482 3512 629 3562; x_wconf 88' lang='lat' dir='ltr'><strong>mani</strong></span> <span class='ocrx_word' id='word_1_277' title='bbox 655 3529 808 3563; x_wconf 89' lang='lat' dir='ltr'><strong>senes</strong></span> <span class='ocrx_word' id='word_1_278' title='bbox 832 3512 1256 3567; x_wconf 85' lang='lat' dir='ltr'><strong>intercesserunt</strong></span> <span class='ocrx_word' id='word_1_279' title='bbox 1279 3521 1442 3583; x_wconf 88' lang='lat' dir='ltr'><strong>atque</strong></span> <span class='ocrx_word' id='word_1_280' title='bbox 1465 3516 1775 3567; x_wconf 86' lang='lat' dir='ltr'><strong>retulerunt</strong></span> <span class='ocrx_word' id='word_1_281' title='bbox 1798 3522 1853 3567; x_wconf 88' lang='lat' dir='ltr'><strong>te</strong></span> <span class='ocrx_word' id='word_1_282' title='bbox 1879 3514 2245 3585; x_wconf 84' lang='lat' dir='ltr'><strong>alprodigium</strong></span> <span class='ocrx_word' id='word_1_283' title='bbox 2270 3520 2326 3567; x_wconf 88' lang='lat' dir='ltr'><strong>et</strong></span> <span class='ocrx_word' id='word_1_284' title='bbox 2348 3511 2612 3566; x_wconf 86' lang='lat' dir='ltr'><strong>Antiochi</strong></span> 
     </span>
    </p>

    <p class='ocr_par' dir='ltr' id='par_1_12' title="bbox 480 3588 2699 4201">
     <span class='ocr_line' id='line_1_35' title="bbox 483 3588 2613 3662; baseline -0.001 -21"><span class='ocrx_word' id='word_1_285' title='bbox 483 3596 539 3641; x_wconf 89' lang='lat' dir='ltr'><strong>et</strong></span> <span class='ocrx_word' id='word_1_286' title='bbox 562 3588 746 3640; x_wconf 90' lang='lat' dir='ltr'><strong>Persei</strong></span> <span class='ocrx_word' id='word_1_287' title='bbox 772 3590 913 3641; x_wconf 91' lang='lat' dir='ltr'><strong>bello</strong></span> <span class='ocrx_word' id='word_1_288' title='bbox 939 3589 995 3641; x_wconf 93' lang='lat' dir='ltr'><strong>in</strong></span> <span class='ocrx_word' id='word_1_289' title='bbox 1023 3591 1213 3642; x_wconf 83' lang='lat' dir='ltr'><strong>eodem</strong></span> <span class='ocrx_word' id='word_1_290' title='bbox 1237 3592 1550 3661; x_wconf 89' lang='lat' dir='ltr'><strong>apparuisse</strong></span> <span class='ocrx_word' id='word_1_291' title='bbox 1566 3592 1843 3660; x_wconf 80' lang='lat' dir='ltr'><strong>figmentO,</strong></span> <span class='ocrx_word' id='word_1_292' title='bbox 1876 3600 1931 3645; x_wconf 93' lang='lat' dir='ltr'><strong>et</strong></span> <span class='ocrx_word' id='word_1_293' title='bbox 1954 3592 2082 3662; x_wconf 90' lang='lat' dir='ltr'><strong>quia</strong></span> <span class='ocrx_word' id='word_1_294' title='bbox 2094 3589 2357 3645; x_wconf 84' lang='lat' dir='ltr'><strong>Romanis</strong></span> <span class='ocrx_word' id='word_1_295' title='bbox 2382 3588 2613 3641; x_wconf 87' lang='lat' dir='ltr'><strong>feliciter</strong></span> 
     </span>
     <span class='ocr_line' id='line_1_36' title="bbox 481 3656 2699 3737; baseline -0.001 -19"><span class='ocrx_word' id='word_1_296' title='bbox 481 3666 852 3735; x_wconf 83' lang='lat' dir='ltr'><strong>prouenisset,</strong></span> <span class='ocrx_word' id='word_1_297' title='bbox 899 3686 964 3721; x_wconf 86' lang='lat' dir='ltr'><strong>ex</strong></span> <span class='ocrx_word' id='word_1_298' title='bbox 993 3668 1092 3721; x_wconf 85' lang='lat' dir='ltr'><strong>SC.</strong></span> <span class='ocrx_word' id='word_1_299' title='bbox 1125 3667 1298 3720; x_wconf 90' lang='lat' dir='ltr'><strong>eidem</strong></span> <span class='ocrx_word' id='word_1_300' title='bbox 1324 3668 1570 3737; x_wconf 88' lang='lat' dir='ltr'><strong>Apollini</strong></span> <span class='ocrx_word' id='word_1_301' title='bbox 1596 3687 1694 3721; x_wconf 87' lang='lat' dir='ltr'><strong>sua</strong></span> <span class='ocrx_word' id='word_1_302' title='bbox 1731 3669 1873 3721; x_wconf 89' lang='lat' dir='ltr'><strong>dona</strong></span> <span class='ocrx_word' id='word_1_303' title='bbox 1898 3686 2014 3721; x_wconf 86' lang='lat' dir='ltr'><strong>esse</strong></span> <span class='ocrx_word' id='word_1_304' title='bbox 2038 3668 2203 3720; x_wconf 87' lang='lat' dir='ltr'><strong>missa</strong></span> <span class='ocrx_word' id='word_1_305' title='bbox 2237 3666 2424 3720; x_wconf 86' lang='lat' dir='ltr'><strong>testati</strong></span> <span class='ocrx_word' id='word_1_306' title='bbox 2454 3672 2607 3717; x_wconf 87' lang='lat' dir='ltr'><strong>sunt.</strong></span> <span class='ocrx_word' id='word_1_307' title='bbox 2694 3656 2699 3666; x_wconf 78' lang='grc'><strong>’</strong></span> 
     </span>
     <span class='ocr_line' id='line_1_37' title="bbox 481 3742 2613 3816; baseline -0.002 -18"><span class='ocrx_word' id='word_1_308' title='bbox 481 3753 613 3799; x_wconf 89' lang='lat' dir='ltr'><strong>tunc</strong></span> <span class='ocrx_word' id='word_1_309' title='bbox 641 3763 770 3807; x_wconf 82' lang='lat' dir='ltr'><strong>uero</strong></span> <span class='ocrx_word' id='word_1_310' title='bbox 794 3746 1077 3815; x_wconf 86' lang='lat' dir='ltr'><strong>peritiores</strong></span> <span class='ocrx_word' id='word_1_311' title='bbox 1103 3746 1261 3799; x_wconf 86' lang='lat' dir='ltr'><strong>acciti</strong></span> <span class='ocrx_word' id='word_1_312' title='bbox 1286 3746 1559 3815; x_wconf 86' lang='lat' dir='ltr'><strong>aruspices</strong></span> <span class='ocrx_word' id='word_1_313' title='bbox 1585 3748 2011 3816; x_wconf 87' lang='lat' dir='ltr'><strong>responderunt,</strong></span> <span class='ocrx_word' id='word_1_314' title='bbox 2043 3744 2316 3797; x_wconf 86' lang='lat' dir='ltr'><strong>simulacri</strong></span> <span class='ocrx_word' id='word_1_315' title='bbox 2340 3742 2613 3813; x_wconf 86' lang='lat' dir='ltr'><strong>Apollinis</strong></span> 
     </span>
     <span class='ocr_line' id='line_1_38' title="bbox 480 3821 2614 3894; baseline -0.001 -20"><span class='ocrx_word' id='word_1_316' title='bbox 480 3823 670 3875; x_wconf 89' lang='lat' dir='ltr'><strong>fletum</strong></span> <span class='ocrx_word' id='word_1_317' title='bbox 703 3822 826 3875; x_wconf 90' lang='lat' dir='ltr'><strong>ideo</strong></span> <span class='ocrx_word' id='word_1_318' title='bbox 851 3827 1170 3893; x_wconf 66' lang='lat' dir='ltr'><strong>prosperum</strong></span> <span class='ocrx_word' id='word_1_319' title='bbox 1195 3842 1310 3877; x_wconf 85' lang='lat' dir='ltr'><strong>esse</strong></span> <span class='ocrx_word' id='word_1_320' title='bbox 1336 3826 1599 3877; x_wconf 87' lang='lat' dir='ltr'><strong>Romanis</strong></span> <span class='ocrx_word' id='word_1_321' title='bbox 1615 3864 1628 3888; x_wconf 95' lang='lat'><strong>,</strong></span> <span class='ocrx_word' id='word_1_322' title='bbox 1659 3824 1914 3894; x_wconf 87' lang='lat' dir='ltr'><strong>quoniam</strong></span> <span class='ocrx_word' id='word_1_323' title='bbox 1941 3824 2142 3876; x_wconf 88' lang='lat' dir='ltr'><strong>Cumae</strong></span> <span class='ocrx_word' id='word_1_324' title='bbox 2168 3822 2381 3875; x_wconf 89' lang='lat' dir='ltr'><strong>colonia</strong></span> <span class='ocrx_word' id='word_1_325' title='bbox 2408 3821 2614 3875; x_wconf 87' lang='lat' dir='ltr'><strong>Graeca</strong></span> 
     </span>
     <span class='ocr_line' id='line_1_39' title="bbox 483 3898 2615 3969; baseline 0 -19"><span class='ocrx_word' id='word_1_326' title='bbox 483 3906 654 3961; x_wconf 83' lang='lat' dir='ltr'><strong>esset,</strong></span> <span class='ocrx_word' id='word_1_327' title='bbox 685 3898 906 3967; x_wconf 86' lang='lat' dir='ltr'><strong>suisque</strong></span> <span class='ocrx_word' id='word_1_328' title='bbox 931 3898 1091 3951; x_wconf 86' lang='lat' dir='ltr'><strong>terris</strong></span> <span class='ocrx_word' id='word_1_329' title='bbox 1117 3899 1262 3951; x_wconf 87' lang='lat' dir='ltr'><strong>unde</strong></span> <span class='ocrx_word' id='word_1_330' title='bbox 1287 3899 1489 3951; x_wconf 86' lang='lat' dir='ltr'><strong>accitus</strong></span> <span class='ocrx_word' id='word_1_331' title='bbox 1515 3906 1687 3962; x_wconf 87' lang='lat' dir='ltr'><strong>esset,</strong></span> <span class='ocrx_word' id='word_1_332' title='bbox 1718 3898 1784 3950; x_wconf 79' lang='lat' dir='ltr'><strong>id&#39;</strong></span> <span class='ocrx_word' id='word_1_333' title='bbox 1800 3908 1883 3951; x_wconf 87' lang='lat' dir='ltr'><strong>est</strong></span> <span class='ocrx_word' id='word_1_334' title='bbox 1907 3900 2013 3969; x_wconf 86' lang='lat' dir='ltr'><strong>ipsi</strong></span> <span class='ocrx_word' id='word_1_335' title='bbox 2040 3900 2296 3954; x_wconf 76' lang='lat' dir='ltr'><strong>Graeciae</strong></span> <span class='ocrx_word' id='word_1_336' title='bbox 2322 3901 2533 3952; x_wconf 82' lang='lat' dir='ltr'><strong>luctum</strong></span> <span class='ocrx_word' id='word_1_337' title='bbox 2558 3906 2615 3951; x_wconf 88' lang='lat' dir='ltr'><strong>et</strong></span> 
     </span>
     <span class='ocr_line' id='line_1_40' title="bbox 483 3973 2609 4047; baseline 0 -20"><span class='ocrx_word' id='word_1_338' title='bbox 483 3976 689 4028; x_wconf 86' lang='lat' dir='ltr'><strong>cladem</strong></span> <span class='ocrx_word' id='word_1_339' title='bbox 727 3976 1038 4045; x_wconf 88' lang='lat' dir='ltr'><strong>Apollinem</strong></span> <span class='ocrx_word' id='word_1_340' title='bbox 1075 3976 1405 4045; x_wconf 84' lang='lat' dir='ltr'><strong>significasse</strong></span> <span class='ocrx_word' id='word_1_341' title='bbox 1441 3973 1780 4045; x_wconf 86' lang='lat' dir='ltr'><strong>plorantem.&#39;</strong></span> <span class='ocrx_word' id='word_1_342' title='bbox 1813 3977 1829 4044; x_wconf 83' lang='grc' dir='ltr'><strong>ΙΙ</strong></span> <span class='ocrx_word' id='word_1_343' title='bbox 1859 3979 2041 4031; x_wconf 82' lang='lat' dir='ltr'><strong>Cumis</strong></span> <span class='ocrx_word' id='word_1_344' title='bbox 2063 3979 2279 4031; x_wconf 75' lang='lat' dir='ltr'><strong>addidi.-</strong></span> <span class='ocrx_word' id='word_1_345' title='bbox 2318 3998 2403 4030; x_wconf 86' lang='lat' dir='ltr'><strong>om</strong></span> <span class='ocrx_word' id='word_1_346' title='bbox 2442 3997 2475 4030; x_wconf 88' lang='lat' dir='ltr'><strong>a</strong></span> <span class='ocrx_word' id='word_1_347' title='bbox 2502 3980 2519 4047; x_wconf 74' lang='grc' dir='ltr'><strong>Η</strong></span> <span class='ocrx_word' id='word_1_348' title='bbox 2549 3980 2609 4029; x_wconf 83' lang='grc'><strong>21</strong></span> 
     </span>
     <span class='ocr_line' id='line_1_41' title="bbox 480 4054 2614 4125; baseline -0 -17"><span class='ocrx_word' id='word_1_349' title='bbox 480 4056 879 4125; x_wconf 85' lang='lat' dir='ltr'><strong>responderunt</strong></span> <span class='ocrx_word' id='word_1_350' title='bbox 927 4055 1233 4107; x_wconf 77' lang='lat' dir='ltr'><strong>Munkerus</strong></span> <span class='ocrx_word' id='word_1_351' title='bbox 1270 4056 1342 4107; x_wconf 87' lang='lat' dir='ltr'><strong>ad</strong></span> <span class='ocrx_word' id='word_1_352' title='bbox 1363 4054 1644 4107; x_wconf 77' lang='lat' dir='ltr'><strong>Lactantii</strong></span> <span class='ocrx_word' id='word_1_353' title='bbox 1677 4072 1886 4122; x_wconf 72' lang='lat' dir='ltr'><strong>aryum.</strong></span> <span class='ocrx_word' id='word_1_354' title='bbox 1930 4061 2143 4109; x_wconf 71' lang='lat' dir='ltr'><strong>metam.</strong></span> <span class='ocrx_word' id='word_1_355' title='bbox 2171 4070 2250 4120; x_wconf 82' lang='lat' dir='ltr'><strong>VI,</strong></span> <span class='ocrx_word' id='word_1_356' title='bbox 2280 4060 2345 4117; x_wconf 85' lang='lat'><strong>3.-</strong></span> <span class='ocrx_word' id='word_1_357' title='bbox 2394 4062 2614 4124; x_wconf 85' lang='lat' dir='ltr'><strong>porten-</strong></span> 
     </span>
     <span class='ocr_line' id='line_1_42' title="bbox 483 4132 1883 4201; baseline 0 -17"><span class='ocrx_word' id='word_1_358' title='bbox 483 4132 683 4185; x_wconf 90' lang='lat' dir='ltr'><strong>derunt</strong></span> <span class='ocrx_word' id='word_1_359' title='bbox 708 4150 740 4183; x_wconf 87' lang='lat' dir='ltr'><strong>a</strong></span> <span class='ocrx_word' id='word_1_360' title='bbox 769 4132 786 4199; x_wconf 80' lang='lat' dir='ltr'>ss</span> <span class='ocrx_word' id='word_1_361' title='bbox 815 4136 878 4184; x_wconf 89' lang='lat'><strong>23</strong></span> <span class='ocrx_word' id='word_1_362' title='bbox 906 4150 1032 4184; x_wconf 69' lang='lat' dir='ltr'><strong>mem</strong></span> <span class='ocrx_word' id='word_1_363' title='bbox 1058 4132 1298 4201; x_wconf 81' lang='lat' dir='ltr'><strong>Phrygia</strong></span> <span class='ocrx_word' id='word_1_364' title='bbox 1323 4137 1549 4200; x_wconf 85' lang='lat' dir='ltr'><strong>excepta</strong></span> <span class='ocrx_word' id='word_1_365' title='bbox 1572 4138 1787 4200; x_wconf 88' lang='lat' dir='ltr'><strong>recepta</strong></span> <span class='ocrx_word' id='word_1_366' title='bbox 1814 4132 1840 4184; x_wconf 72' lang='lat'><strong>:2</strong></span> <span class='ocrx_word' id='word_1_367' title='bbox 1867 4133 1883 4201; x_wconf 87' lang='grc' dir='ltr'><strong>ΙΙ</strong></span> 
     </span>
    </p>
   </div>
  </div>
 </body>
</html>
