3052 4823
1083 344 1174 425 .T·
1212 342 1355 387 1.1v1
1388 340 1882 386 cxx-cxx1111.
2446 325 2565 386 103

1141 503 1270 565 EX
1314 503 1408 564 LI
1416 503 1491 564 B.
1549 502 1847 566 CXXII.

442 657 539 718 M.
591 658 836 718 Brutus
883 657 1190 718 aduersus
1233 655 1514 719 Thracas
1556 676 1785 737 parum
1832 675 2129 737 prospere
2170 677 2303 717 rem
2345 654 2566 738 gessit,

442 744 867 840 omnibusque
915 756 1360 820 transmarinis
1401 755 1750 839 prouinciis
1796 754 2305 839 exercitibusque
2348 756 2416 819 in
2458 780 2570 841 po-

443 869 746 924 testatem
775 859 912 924 eius
945 869 1007 922 et
1048 860 1124 923 C.
1160 857 1346 922 Cassi
1389 858 1661 922 redactis
1707 857 1998 920 coierunt
2043 857 2355 941 Smyrnae
2398 869 2570 922 uter-

377 975 408 1024 5
439 985 563 1046 que
593 963 1062 1028 ad.ordinanda
1088 959 1476 1024 belli.futuri
1509 959 1799 1024 consilia.
1864 960 1961 1022 M.
1998 959 2315 1023 Messalae
2348 960 2571 1024 Publi·

443 1065 648 1128 colam
681 1066 942 1128 fratrem
972 1064 1267 1126 uinctum
1297 1063 1626 1126 communi
1656 1061 1924 1126 consilio
1955 1063 2507 1127 condonauerunt.

1108 1295 1233 1356 EX
1282 1293 1458 1357 LIB.
1511 1291 1848 1355 CXXIII.

444 1447 595 1510 Sex.
633 1446 982 1529 Pompeius
1015 1445 1244 1528 Magni
1287 1445 1464 1507 filius
1509 1443 1794 1506 collectis
1840 1465 1920 1506 ex
1962 1443 2159 1526 Epiro
2200 1444 2571 1528 proscriptis

449 1571 522 1611 ac
550 1548 845 1631 fugitiuis
876 1570 1024 1610 cum
1055 1547 1338 1610 exercitu
1369 1547 1483 1610 diu
1513 1545 1653 1608 sine
1683 1545 1821 1606 ulla
1860 1545 1985 1609 loci
2015 1544 2397 1629 cuiusquam
2424 1567 2568 1629 pos-

348 1662 410 1711 10
442 1650 722 1712 sessione
760 1651 1101 1732 praedatus
1145 1650 1217 1712 in
1253 1649 1416 1712 mari
1458 1649 1831 1710 Messanam
1872 1647 2181 1730 oppidum
2236 1647 2306 1708 in
2349 1647 2572 1710 Sicilia

441 1751 757 1834 primum,
823 1750 1053 1814 deinde
1109 1761 1311 1815 totam
1375 1749 1780 1834 prouinciam
1838 1748 2177 1833 occupauit
2235 1747 2569 1831 occisoque

443 1851 752 1936 Pompeio
783 1853 1129 1937 Bithynico
1160 1863 1449 1936 praetore
1482 1853 1565 1919 Q.
1599 1851 2047 1915 Saluidienum
2091 1851 2381 1936 legatum
2410 1851 2569 1914 Cae-

445 1953 602 2018 saris
633 1955 855 2018 nauali
883 1956 1122 2038 proelio
1153 1955 1334 2018 uicit.
1396 1955 1635 2018 Caesar
1678 1963 1743 2016 et
1788 1953 2115 2017 Antonius
2158 1975 2305 2018 cum
2332 1955 2570 2018 exerci-

444 2057 615 2120 tibus
646 2056 717 2119 in
747 2058 1085 2122 Graeciam
1125 2057 1512 2120 traiecerunt
1553 2056 1801 2119 bellum
1844 2057 2153 2140 aduersus
2198 2058 2475 2120 Brutum
2508 2068 2573 2120 et

348 2172 412 2221 15
443 2159 740 2222 Cassium
767 2160 1031 2243 gesturi.
1086 2161 1167 2227 Q.
1206 2159 1590 2222 Cornificius
1620 2158 1689 2220 in
1720 2157 1941 2220 Africa
1970 2158 2048 2219 T.
2090 2157 2387 2221 Sextium
2417 2160 2570 2222 Cas-

445 2261 771 2324 sianarum
799 2261 1083 2343 partium
1114 2263 1341 2323 ducem
1369 2260 1611 2342 proelio
1640 2260 1823 2322 uicit.

1117 2495 1247 2558 EX
1289 2493 1466 2556 LIB.
1518 2493 1893 2557 CXXIIII.

447 2646 522 2709 C.
561 2646 798 2709 Caesar
828 2656 894 2709 et
922 2646 1247 2710 Antonius
1279 2649 1452 2730 apud
1482 2646 1820 2729 Philippos
1862 2644 2045 2710 uario
2076 2654 2317 2708 euentu
2348 2645 2571 2709 aduer-

446 2770 556 2812 sus
589 2752 865 2813 Brutum
894 2758 959 2812 et
989 2748 1286 2813 Cassium
1315 2761 1774 2832 pugnauerunt
1817 2748 1909 2813 ita
1951 2758 2028 2811 ut
2067 2749 2293 2847 dextra
2338 2746 2574 2809 utrius·

350 2861 415 2911 20
447 2872 570 2933 que
599 2872 845 2915 cornua
873 2852 1213 2915 uincerent
1257 2860 1321 2913 et
1352 2860 1561 2913 castra
1591 2873 1843 2934 quoque
1872 2836 2203 2933 utrimque
2228 2840 2308 2911 ab
2331 2836 2431 2911 eis
2462 2848 2575 2930 qui

444 2952 735 3015 uicerant
763 2961 1310 3039 expugnarentur.
1363 2953 1475 3014 sed
1503 2952 1910 3035 inaequalem
1939 2953 2264 3014 fortunam
2292 2949 2574 3032 partium

444 3076 614 3116 mors
646 3055 829 3117 Cassi
859 3056 1035 3130 fecit,
1072 3054 1183 3136 qui
1213 3075 1360 3116 cum
1392 3054 1461 3115 in
1505 3076 1581 3115 eo
1626 3076 1826 3117 cornu
1856 3054 2084 3117 fuisset
2115 3054 2285 3135 quod
2313 3051 2575 3133 pulsum

448 3164 622 3230 erat,
657 3164 870 3218 totum
902 3155 1255 3219 exercitum
1286 3155 1507 3216 fusum
1552 3163 1733 3216 ratus
1779 3164 2050 3217 mortem
2096 3152 2433 3217 consciuit.
2484 3154 2576 3215 al-

447 3266 585 3319 tera
615 3256 766 3320 dein
797 3257 900 3321 die
930 3257 1144 3321 uictus
1186 3258 1282 3319 M.
1333 3259 1575 3318 Brutus
1607 3265 1671 3317 et
1701 3254 1837 3337 ipse
1866 3252 2073 3316 uitam
2100 3253 2276 3318 finiit
2317 3265 2577 3319 exorato

349 3370 415 3420 25
449 3360 746 3423 Stratone
775 3358 967 3441 fugae
998 3358 1229 3421 comite
1275 3369 1351 3421 ut
1392 3357 1516 3421 sibi
1558 3356 1851 3441 gladium
1894 3355 2199 3440 adigeret.
2260 3378 2577 3419 annorum

450 3471 584 3526 erat
611 3502 667 3531 ,η
692 3460 942 3524 circiter
973 3480 1085 3536 XL,
1122 3459 1294 3524 inter
1324 3482 1482 3544 quos
1515 3461 1598 3527 Q.
1636 3457 2027 3523 Hortensius
2060 3458 2304 3522 occisus
2336 3469 2454 3522 est.

448 3700 478 3749 2
504 3714 692 3766 parum
717 3696 804 3751 del
823 3696 1110 3767 Xylander
1135 3696 1152 3763 11
1181 3699 1210 3748 3
1256 3697 1563 3767 onibusque
1596 3696 1687 3765 Nl}
1727 3699 1759 3748 4
1795 3712 1892 3748 eus
1930 3707 1982 3747 N
2014 3693 2031 3765 n
2067 3711 2289 3765 myrnae
2324 3704 2373 3747 N
2395 3693 2413 3763 ΙΙ
2440 3698 2473 3747 6
2497 3695 2581 3748 ui-

450 3782 596 3827 ctum
624 3792 674 3837 ς,
703 3774 949 3828 iunctum
974 3793 1006 3827 r
1030 3775 1048 3843 ss
1077 3777 1106 3826 8
1131 3774 1272 3827 Rex.
1300 3792 1332 3826 r
1356 3775 1374 3844 ΙΙ
1400 3775 1556 3829 lectis
1584 3792 1649 3837 ςν
1674 3775 1693 3843 fl
1723 3778 1784 3827 12
1824 3791 1857 3827 a
1878 3772 2140 3842 Pompeio
2157 3772 2228 3824 A.
2257 3788 2289 3823 r
2313 3772 2331 3839 ΙΙ
2358 3771 2453 3841 qui
2475 3784 2576 3838 Νς,

445 3870 530 3905 om
554 3870 585 3904 r
611 3852 628 3919 ΙΙ
655 3852 997 3905 saluidenum
1021 3865 1120 3915 Νς,
1152 3850 1524 3904 Saluidemum
1544 3870 1575 3904 r
1600 3853 1619 3921 {l
1649 3855 1711 3905 14
1738 3857 1926 3905 contra
1950 3869 1981 3903 r
2006 3851 2023 3917 ss
2055 3854 2115 3902 15
2144 3850 2380 3903 Sestium
2404 3867 2435 3901 r
2458 3851 2477 3919 11
2506 3852 2576 3910 Q.

447 3928 793 3991 Cornificium
819 3958 886 3967 —
910 3930 973 3981 T.
1003 3926 1223 3981 Sextius
1246 3927 1536 3996 Xylander
1561 3929 1579 4000 ss
1610 3931 1672 3980 18
1698 3927 1745 3980 Ι.
1782 3944 1814 3978 r
1838 3926 1855 3995 ΙΙ
1883 3934 2071 3980 contra
2104 3943 2135 3977 r
2160 3926 2179 3996 ΙΙ
2212 3928 2270 3977 19
2298 3924 2581 3994 utriusque

447 4004 640 4057 dextra
663 4021 694 4058 r
719 4004 736 4074 [Ι
765 4008 829 4056 20
857 4005 1090 4059 uicerint
1112 4022 1143 4055 r
1167 4003 1186 4072 ll
1213 4008 1278 4057 22
1305 4022 1448 4063 mors
1477 4006 1695 4075 quidem
1732 4022 1764 4056 r
1789 4004 1806 4073 {l
1836 4007 1900 4056 23
1940 4003 2045 4057 sibi
2086 4002 2354 4056 consciuit
2378 4020 2445 4066 ςν
2468 4004 2487 4074 ss
2515 4008 2581 4057 24

451 4082 622 4135 altero
650 4099 716 4143 ςν
740 4082 759 4151 ΙΙ
785 4082 911 4135 dein
939 4083 1027 4135 die
1050 4081 1245 4151 scripsi
1257 4103 1275 4134 .·
1317 4083 1513 4137 deinde
1536 4096 1649 4147 Νς,
1682 4080 1879 4135 deinde
1913 4080 2119 4151 proelio
2144 4099 2175 4133 r
2200 4081 2219 4150 fl
2245 4084 2310 4133 25
2338 4080 2583 4151 adigeret

458 4160 723 4211 Gruterus
740 4178 758 4209 .-
785 4157 1023 4211 adiceret
1043 4169 1105 4222 N,
1136 4157 1395 4211 adiiceret
1420 4176 1485 4220 ςν
1510 4158 1528 4227 ΙΙ
1557 4162 1623 4211 26
1650 4160 1863 4213 circiter
1885 4158 2079 4213 aetatis
2107 4178 2171 4222 ςν
2198 4162 2215 4231 Ι]
