<?xml version="1.0" encoding="UTF-8"?>
<!DOCTYPE html PUBLIC "-//W3C//DTD XHTML 1.0 Transitional//EN"
    "http://www.w3.org/TR/xhtml1/DTD/xhtml1-transitional.dtd">
<html xmlns="http://www.w3.org/1999/xhtml" xml:lang="en" lang="en">
 <head>
  <title>
</title>
<meta http-equiv="Content-Type" content="text/html;charset=utf-8" />
  <meta name='ocr-system' content='tesseract 3.04.00' />
  <meta name='ocr-capabilities' content='ocr_page ocr_carea ocr_par ocr_line ocrx_word'/>
</head>
<body>
  <div class='ocr_page' id='page_1' title='image "./tliviaburbecond00jahngoog_0126.png"; bbox 0 0 3052 4823; ppageno 0'>
   <div class='ocr_carea' id='block_1_1' title="bbox 1111 316 2490 417">
    <p class='ocr_par' dir='ltr' id='par_1_1' title="bbox 1111 316 2490 417">
     <span class='ocr_line' id='line_1_1' title="bbox 1111 316 2490 417; baseline 0.003 -35"><span class='ocrx_word' id='word_1_1' title='bbox 1111 341 1172 383; x_wconf 79' lang='lat' dir='ltr'><strong>r.</strong></span> <span class='ocrx_word' id='word_1_2' title='bbox 1209 340 1353 385; x_wconf 86' lang='lat' dir='ltr'><strong>1.1v1</strong></span> <span class='ocrx_word' id='word_1_3' title='bbox 1373 316 1587 385; x_wconf 80' lang='lat' dir='ltr'><strong>&#39;cvn-</strong></span> <span class='ocrx_word' id='word_1_4' title='bbox 1610 341 1715 384; x_wconf 81' lang='lat' dir='ltr'><strong>ox.</strong></span> <span class='ocrx_word' id='word_1_5' title='bbox 2128 408 2135 417; x_wconf 59' lang='lat'><strong>.</strong></span> <span class='ocrx_word' id='word_1_6' title='bbox 2406 323 2490 386; x_wconf 83' lang='lat'><strong>95</strong></span> 
     </span>
    </p>
   </div>
   <div class='ocr_carea' id='block_1_2' title="bbox 291 489 2487 1391">
    <p class='ocr_par' dir='ltr' id='par_1_2' title="bbox 350 489 2487 881">
     <span class='ocr_line' id='line_1_2' title="bbox 357 489 2487 558; baseline -0 -1"><span class='ocrx_word' id='word_1_7' title='bbox 357 513 497 558; x_wconf 85' lang='lat' dir='ltr'><strong>sare</strong></span> <span class='ocrx_word' id='word_1_8' title='bbox 540 491 822 556; x_wconf 86' lang='lat' dir='ltr'><strong>actiones</strong></span> <span class='ocrx_word' id='word_1_9' title='bbox 870 489 1182 554; x_wconf 90' lang='lat' dir='ltr'><strong>continet.</strong></span> <span class='ocrx_word' id='word_1_10' title='bbox 1262 511 1411 552; x_wconf 90' lang='lat' dir='ltr'><strong>cum</strong></span> <span class='ocrx_word' id='word_1_11' title='bbox 1454 490 2089 554; x_wconf 79' lang='lat' dir='ltr'><strong>senatusconsultum</strong></span> <span class='ocrx_word' id='word_1_12' title='bbox 2116 491 2361 554; x_wconf 88' lang='lat' dir='ltr'><strong>factum</strong></span> <span class='ocrx_word' id='word_1_13' title='bbox 2390 514 2487 556; x_wconf 89' lang='lat' dir='ltr'><strong>es·</strong></span> 
     </span>
     <span class='ocr_line' id='line_1_3' title="bbox 352 592 2479 669; baseline 0 -12"><span class='ocrx_word' id='word_1_14' title='bbox 352 605 450 657; x_wconf 89' lang='lat' dir='ltr'><strong>set</strong></span> <span class='ocrx_word' id='word_1_15' title='bbox 496 605 570 657; x_wconf 89' lang='lat' dir='ltr'><strong>ut</strong></span> <span class='ocrx_word' id='word_1_16' title='bbox 621 615 948 657; x_wconf 85' lang='lat' dir='ltr'><strong>successor</strong></span> <span class='ocrx_word' id='word_1_17' title='bbox 999 592 1260 657; x_wconf 83' lang='lat' dir='ltr'><strong>Caesari</strong></span> <span class='ocrx_word' id='word_1_18' title='bbox 1307 592 1714 669; x_wconf 85' lang='lat' dir='ltr'><strong>mitteretur,</strong></span> <span class='ocrx_word' id='word_1_19' title='bbox 1782 594 1877 656; x_wconf 92' lang='lat' dir='ltr'><strong>M.</strong></span> <span class='ocrx_word' id='word_1_20' title='bbox 1928 593 2255 658; x_wconf 89' lang='lat' dir='ltr'><strong>Antonius</strong></span> <span class='ocrx_word' id='word_1_21' title='bbox 2300 604 2366 658; x_wconf 89' lang='lat' dir='ltr'><strong>et</strong></span> <span class='ocrx_word' id='word_1_22' title='bbox 2397 597 2479 664; x_wconf 84' lang='lat' dir='ltr'><strong>Q.</strong></span> 
     </span>
     <span class='ocr_line' id='line_1_4' title="bbox 350 694 2483 779; baseline -0.001 -18"><span class='ocrx_word' id='word_1_23' title='bbox 350 695 611 761; x_wconf 85' lang='lat' dir='ltr'><strong>Cassius</strong></span> <span class='ocrx_word' id='word_1_24' title='bbox 643 704 723 759; x_wconf 91' lang='lat' dir='ltr'><strong>tr.</strong></span> <span class='ocrx_word' id='word_1_25' title='bbox 759 696 850 779; x_wconf 91' lang='lat' dir='ltr'><strong>pl.</strong></span> <span class='ocrx_word' id='word_1_26' title='bbox 887 695 1194 778; x_wconf 90' lang='lat' dir='ltr'><strong>quoniam</strong></span> <span class='ocrx_word' id='word_1_27' title='bbox 1237 694 1803 759; x_wconf 87' lang='lat' dir='ltr'><strong>intercessionibus</strong></span> <span class='ocrx_word' id='word_1_28' title='bbox 1848 695 1917 759; x_wconf 91' lang='lat' dir='ltr'><strong>id</strong></span> <span class='ocrx_word' id='word_1_29' title='bbox 1964 697 2483 760; x_wconf 89' lang='lat' dir='ltr'><strong>senatusconsul-</strong></span> 
     </span>
     <span class='ocr_line' id='line_1_5' title="bbox 353 795 2485 881; baseline -0.001 -21"><span class='ocrx_word' id='word_1_30' title='bbox 353 808 498 861; x_wconf 85' lang='lat' dir='ltr'><strong>tum</strong></span> <span class='ocrx_word' id='word_1_31' title='bbox 527 796 998 881; x_wconf 90' lang='lat' dir='ltr'><strong>impediebant,</strong></span> <span class='ocrx_word' id='word_1_32' title='bbox 1039 798 1196 859; x_wconf 92' lang='lat' dir='ltr'><strong>urbe</strong></span> <span class='ocrx_word' id='word_1_33' title='bbox 1225 795 1399 878; x_wconf 87' lang='lat' dir='ltr'><strong>pulsi</strong></span> <span class='ocrx_word' id='word_1_34' title='bbox 1428 805 1616 871; x_wconf 90' lang='lat' dir='ltr'><strong>sunt,</strong></span> <span class='ocrx_word' id='word_1_35' title='bbox 1652 798 2155 880; x_wconf 88' lang='lat' dir='ltr'><strong>mandatumque</strong></span> <span class='ocrx_word' id='word_1_36' title='bbox 2187 820 2225 860; x_wconf 90' lang='lat' dir='ltr'><strong>a</strong></span> <span class='ocrx_word' id='word_1_37' title='bbox 2254 809 2485 861; x_wconf 86' lang='lat' dir='ltr'><strong>senatu.</strong></span> 
     </span>
    </p>

    <p class='ocr_par' dir='ltr' id='par_1_3' title="bbox 291 897 2485 1391">
     <span class='ocr_line' id='line_1_6' title="bbox 291 897 2485 984; baseline 0 -21"><span class='ocrx_word' id='word_1_38' title='bbox 291 914 320 963; x_wconf 87' lang='lat'>5</span> <span class='ocrx_word' id='word_1_39' title='bbox 353 899 724 963; x_wconf 89' lang='lat' dir='ltr'><strong>consulibus</strong></span> <span class='ocrx_word' id='word_1_40' title='bbox 757 910 820 962; x_wconf 92' lang='lat' dir='ltr'><strong>et</strong></span> <span class='ocrx_word' id='word_1_41' title='bbox 852 901 974 963; x_wconf 90' lang='lat' dir='ltr'><strong>Cn.</strong></span> <span class='ocrx_word' id='word_1_42' title='bbox 999 897 1308 980; x_wconf 87' lang='lat' dir='ltr'><strong>Pompeio</strong></span> <span class='ocrx_word' id='word_1_43' title='bbox 1339 908 1413 961; x_wconf 90' lang='lat' dir='ltr'><strong>ut</strong></span> <span class='ocrx_word' id='word_1_44' title='bbox 1442 898 1762 974; x_wconf 88' lang='lat' dir='ltr'><strong>uiderent,</strong></span> <span class='ocrx_word' id='word_1_45' title='bbox 1797 921 1879 962; x_wconf 90' lang='lat' dir='ltr'><strong>ne</strong></span> <span class='ocrx_word' id='word_1_46' title='bbox 1909 899 2066 982; x_wconf 90' lang='lat' dir='ltr'><strong>quid</strong></span> <span class='ocrx_word' id='word_1_47' title='bbox 2094 922 2194 963; x_wconf 92' lang='lat' dir='ltr'><strong>res</strong></span> <span class='ocrx_word' id='word_1_48' title='bbox 2224 901 2485 984; x_wconf 89' lang='lat' dir='ltr'><strong>publica</strong></span> 
     </span>
     <span class='ocr_line' id='line_1_7' title="bbox 351 989 2485 1085; baseline 0 -20"><span class='ocrx_word' id='word_1_49' title='bbox 351 1001 722 1065; x_wconf 89' lang='lat' dir='ltr'><strong>detrimenti</strong></span> <span class='ocrx_word' id='word_1_50' title='bbox 752 1012 1028 1084; x_wconf 87' lang='lat' dir='ltr'><strong>caperet.</strong></span> <span class='ocrx_word' id='word_1_51' title='bbox 1089 1003 1164 1065; x_wconf 93' lang='lat' dir='ltr'><strong>C.</strong></span> <span class='ocrx_word' id='word_1_52' title='bbox 1203 1002 1441 1064; x_wconf 88' lang='lat' dir='ltr'><strong>Caesar</strong></span> <span class='ocrx_word' id='word_1_53' title='bbox 1477 989 1651 1062; x_wconf 88' lang='lat' dir='ltr'><strong>bello</strong></span> <span class='ocrx_word' id='word_1_54' title='bbox 1694 1000 1989 1066; x_wconf 89' lang='lat' dir='ltr'><strong>inimicos</strong></span> <span class='ocrx_word' id='word_1_55' title='bbox 2030 1012 2485 1085; x_wconf 86' lang='lat' dir='ltr'><strong>persecuturus</strong></span> 
     </span>
     <span class='ocr_line' id='line_1_8' title="bbox 351 1101 2483 1179; baseline 0.001 -13"><span class='ocrx_word' id='word_1_56' title='bbox 351 1126 500 1166; x_wconf 89' lang='lat' dir='ltr'><strong>cum</strong></span> <span class='ocrx_word' id='word_1_57' title='bbox 529 1102 816 1166; x_wconf 84' lang='lat' dir='ltr'><strong>exercitu</strong></span> <span class='ocrx_word' id='word_1_58' title='bbox 846 1103 918 1164; x_wconf 90' lang='lat' dir='ltr'><strong>in</strong></span> <span class='ocrx_word' id='word_1_59' title='bbox 950 1103 1213 1166; x_wconf 86' lang='lat' dir='ltr'><strong>Italiam</strong></span> <span class='ocrx_word' id='word_1_60' title='bbox 1241 1101 1459 1179; x_wconf 91' lang='lat' dir='ltr'><strong>uenit,</strong></span> <span class='ocrx_word' id='word_1_61' title='bbox 1511 1103 1869 1166; x_wconf 88' lang='lat' dir='ltr'><strong>Corfinium</strong></span> <span class='ocrx_word' id='word_1_62' title='bbox 1900 1126 2049 1167; x_wconf 92' lang='lat' dir='ltr'><strong>cum</strong></span> <span class='ocrx_word' id='word_1_63' title='bbox 2081 1106 2157 1167; x_wconf 91' lang='lat' dir='ltr'><strong>L.</strong></span> <span class='ocrx_word' id='word_1_64' title='bbox 2193 1104 2483 1168; x_wconf 89' lang='lat' dir='ltr'><strong>Domitio</strong></span> 
     </span>
     <span class='ocr_line' id='line_1_9' title="bbox 353 1203 2481 1290; baseline 0 -20"><span class='ocrx_word' id='word_1_65' title='bbox 353 1215 419 1270; x_wconf 91' lang='lat' dir='ltr'><strong>et</strong></span> <span class='ocrx_word' id='word_1_66' title='bbox 449 1208 526 1269; x_wconf 92' lang='lat' dir='ltr'><strong>P.</strong></span> <span class='ocrx_word' id='word_1_67' title='bbox 565 1204 845 1268; x_wconf 84' lang='lat' dir='ltr'><strong>Lentulo</strong></span> <span class='ocrx_word' id='word_1_68' title='bbox 876 1204 1046 1288; x_wconf 90' lang='lat' dir='ltr'><strong>cepit</strong></span> <span class='ocrx_word' id='word_1_69' title='bbox 1077 1226 1311 1288; x_wconf 89' lang='lat' dir='ltr'><strong>eosque</strong></span> <span class='ocrx_word' id='word_1_70' title='bbox 1342 1203 1610 1281; x_wconf 86' lang='lat' dir='ltr'><strong>dimisit,</strong></span> <span class='ocrx_word' id='word_1_71' title='bbox 1645 1205 1767 1269; x_wconf 93' lang='lat' dir='ltr'><strong>Cn.</strong></span> <span class='ocrx_word' id='word_1_72' title='bbox 1801 1205 2185 1290; x_wconf 90' lang='lat' dir='ltr'><strong>Pompeium</strong></span> <span class='ocrx_word' id='word_1_73' title='bbox 2214 1217 2481 1270; x_wconf 87' lang='lat' dir='ltr'><strong>ceteros·</strong></span> 
     </span>
     <span class='ocr_line' id='line_1_10' title="bbox 355 1305 1492 1391; baseline -0.001 -20"><span class='ocrx_word' id='word_1_74' title='bbox 355 1330 478 1391; x_wconf 91' lang='lat' dir='ltr'><strong>que</strong></span> <span class='ocrx_word' id='word_1_75' title='bbox 508 1307 791 1390; x_wconf 89' lang='lat' dir='ltr'><strong>partium</strong></span> <span class='ocrx_word' id='word_1_76' title='bbox 823 1305 960 1370; x_wconf 90' lang='lat' dir='ltr'><strong>eius</strong></span> <span class='ocrx_word' id='word_1_77' title='bbox 992 1307 1191 1370; x_wconf 89' lang='lat' dir='ltr'><strong>Italia</strong></span> <span class='ocrx_word' id='word_1_78' title='bbox 1219 1306 1492 1391; x_wconf 83' lang='lat' dir='ltr'><strong>expulit.</strong></span> 
     </span>
    </p>
   </div>
   <div class='ocr_carea' id='block_1_3' title="bbox 258 1510 2217 1714">
    <p class='ocr_par' dir='ltr' id='par_1_4' title="bbox 258 1510 2217 1714">
     <span class='ocr_line' id='line_1_11' title="bbox 258 1510 1687 1575; baseline 0 -2"><span class='ocrx_word' id='word_1_79' title='bbox 258 1523 322 1573; x_wconf 82' lang='lat' dir='ltr'><strong>lo</strong></span> <span class='ocrx_word' id='word_1_80' title='bbox 1160 1510 1290 1573; x_wconf 89' lang='lat' dir='ltr'><strong>EX</strong></span> <span class='ocrx_word' id='word_1_81' title='bbox 1335 1511 1508 1574; x_wconf 88' lang='lat' dir='ltr'><strong>LIB.</strong></span> <span class='ocrx_word' id='word_1_82' title='bbox 1561 1512 1687 1575; x_wconf 88' lang='lat' dir='ltr'><strong>CX</strong></span> 
     </span>
     <span class='ocr_line' id='line_1_12' title="bbox 595 1645 2217 1714; baseline -0.004 0"><span class='ocrx_word' id='word_1_83' title='bbox 595 1647 761 1714; x_wconf 82' lang='lat' dir='ltr'><strong>QVI</strong></span> <span class='ocrx_word' id='word_1_84' title='bbox 806 1645 972 1709; x_wconf 87' lang='lat' dir='ltr'><strong>EST</strong></span> <span class='ocrx_word' id='word_1_85' title='bbox 1015 1646 1356 1711; x_wconf 89' lang='lat' dir='ltr'><strong>CIVILIS</strong></span> <span class='ocrx_word' id='word_1_86' title='bbox 1403 1646 1673 1708; x_wconf 91' lang='lat' dir='ltr'>BELLI</span> <span class='ocrx_word' id='word_1_87' title='bbox 1722 1645 2217 1711; x_wconf 88' lang='lat' dir='ltr'><strong>SECVNDVS.</strong></span> 
     </span>
    </p>
   </div>
   <div class='ocr_carea' id='block_1_4' title="bbox 251 1814 2481 3321">
    <p class='ocr_par' dir='ltr' id='par_1_5' title="bbox 251 1814 2481 3321">
     <span class='ocr_line' id='line_1_13' title="bbox 355 1814 2478 1899; baseline -0 -19"><span class='ocrx_word' id='word_1_88' title='bbox 355 1818 433 1880; x_wconf 93' lang='lat' dir='ltr'><strong>C.</strong></span> <span class='ocrx_word' id='word_1_89' title='bbox 470 1817 708 1880; x_wconf 81' lang='lat' dir='ltr'><strong>Caesar</strong></span> <span class='ocrx_word' id='word_1_90' title='bbox 738 1814 1120 1892; x_wconf 86' lang='lat' dir='ltr'><strong>Massiliam,</strong></span> <span class='ocrx_word' id='word_1_91' title='bbox 1157 1838 1319 1898; x_wconf 88' lang='lat' dir='ltr'><strong>quae</strong></span> <span class='ocrx_word' id='word_1_92' title='bbox 1346 1826 1564 1899; x_wconf 90' lang='lat' dir='ltr'><strong>portas</strong></span> <span class='ocrx_word' id='word_1_93' title='bbox 1594 1816 1873 1878; x_wconf 90' lang='lat' dir='ltr'><strong>cluserat</strong></span> <span class='ocrx_word' id='word_1_94' title='bbox 1892 1863 1913 1892; x_wconf 94' lang='lat'><strong>,</strong></span> <span class='ocrx_word' id='word_1_95' title='bbox 1960 1816 2211 1880; x_wconf 86' lang='lat' dir='ltr'><strong>obsedit</strong></span> <span class='ocrx_word' id='word_1_96' title='bbox 2239 1826 2305 1879; x_wconf 92' lang='lat' dir='ltr'><strong>et</strong></span> <span class='ocrx_word' id='word_1_97' title='bbox 2333 1817 2478 1880; x_wconf 85' lang='lat' dir='ltr'><strong>reli-</strong></span> 
     </span>
     <span class='ocr_line' id='line_1_14' title="bbox 352 1916 2481 2001; baseline 0.002 -22"><span class='ocrx_word' id='word_1_98' title='bbox 352 1917 472 1979; x_wconf 88' lang='lat' dir='ltr'><strong>ctis</strong></span> <span class='ocrx_word' id='word_1_99' title='bbox 502 1917 572 1979; x_wconf 93' lang='lat' dir='ltr'><strong>in</strong></span> <span class='ocrx_word' id='word_1_100' title='bbox 604 1917 933 1980; x_wconf 89' lang='lat' dir='ltr'><strong>obsidione</strong></span> <span class='ocrx_word' id='word_1_101' title='bbox 963 1916 1137 1980; x_wconf 90' lang='lat' dir='ltr'><strong>urbis</strong></span> <span class='ocrx_word' id='word_1_102' title='bbox 1169 1917 1304 1980; x_wconf 89' lang='lat' dir='ltr'><strong>eius</strong></span> <span class='ocrx_word' id='word_1_103' title='bbox 1335 1917 1564 2001; x_wconf 89' lang='lat' dir='ltr'><strong>legatis</strong></span> <span class='ocrx_word' id='word_1_104' title='bbox 1596 1918 1671 1981; x_wconf 94' lang='lat' dir='ltr'><strong>C.</strong></span> <span class='ocrx_word' id='word_1_105' title='bbox 1710 1918 2030 1982; x_wconf 91' lang='lat' dir='ltr'><strong>Trebonio</strong></span> <span class='ocrx_word' id='word_1_106' title='bbox 2061 1928 2125 1980; x_wconf 89' lang='lat' dir='ltr'><strong>et</strong></span> <span class='ocrx_word' id='word_1_107' title='bbox 2156 1919 2242 1980; x_wconf 91' lang='lat' dir='ltr'><strong>D.</strong></span> <span class='ocrx_word' id='word_1_108' title='bbox 2280 1923 2481 1983; x_wconf 91' lang='lat' dir='ltr'><strong>Bruto</strong></span> 
     </span>
     <span class='ocr_line' id='line_1_15' title="bbox 353 2017 2480 2104; baseline 0.002 -24"><span class='ocrx_word' id='word_1_109' title='bbox 353 2018 672 2100; x_wconf 84' lang='lat' dir='ltr'><strong>profectus</strong></span> <span class='ocrx_word' id='word_1_110' title='bbox 703 2017 774 2080; x_wconf 90' lang='lat' dir='ltr'><strong>in</strong></span> <span class='ocrx_word' id='word_1_111' title='bbox 804 2017 1196 2101; x_wconf 87' lang='lat' dir='ltr'><strong>Hispaniam</strong></span> <span class='ocrx_word' id='word_1_112' title='bbox 1225 2021 1304 2082; x_wconf 91' lang='lat' dir='ltr'><strong>L.</strong></span> <span class='ocrx_word' id='word_1_113' title='bbox 1339 2020 1685 2083; x_wconf 85' lang='lat' dir='ltr'><strong>Afranium</strong></span> <span class='ocrx_word' id='word_1_114' title='bbox 1716 2030 1781 2083; x_wconf 90' lang='lat' dir='ltr'><strong>et</strong></span> <span class='ocrx_word' id='word_1_115' title='bbox 1813 2022 1909 2084; x_wconf 91' lang='lat' dir='ltr'><strong>M.</strong></span> <span class='ocrx_word' id='word_1_116' title='bbox 1948 2020 2278 2084; x_wconf 90' lang='lat' dir='ltr'><strong>Petreium</strong></span> <span class='ocrx_word' id='word_1_117' title='bbox 2306 2022 2480 2104; x_wconf 87' lang='lat' dir='ltr'><strong>lega-</strong></span> 
     </span>
     <span class='ocr_line' id='line_1_16' title="bbox 259 2119 2479 2205; baseline 0.003 -25"><span class='ocrx_word' id='word_1_118' title='bbox 259 2131 321 2180; x_wconf 88' lang='lat'><strong>15</strong></span> <span class='ocrx_word' id='word_1_119' title='bbox 353 2127 451 2182; x_wconf 89' lang='lat' dir='ltr'><strong>tos</strong></span> <span class='ocrx_word' id='word_1_120' title='bbox 484 2120 609 2184; x_wconf 92' lang='lat' dir='ltr'><strong>Cn.</strong></span> <span class='ocrx_word' id='word_1_121' title='bbox 647 2119 916 2202; x_wconf 90' lang='lat' dir='ltr'><strong>Pompei</strong></span> <span class='ocrx_word' id='word_1_122' title='bbox 947 2143 1096 2183; x_wconf 87' lang='lat' dir='ltr'><strong>cum</strong></span> <span class='ocrx_word' id='word_1_123' title='bbox 1124 2143 1224 2186; x_wconf 87' lang='lat' dir='ltr'><strong>vn</strong></span> <span class='ocrx_word' id='word_1_124' title='bbox 1256 2121 1617 2205; x_wconf 87' lang='lat' dir='ltr'><strong>legionibus</strong></span> <span class='ocrx_word' id='word_1_125' title='bbox 1663 2123 1745 2184; x_wconf 87' lang='lat' dir='ltr'><strong>ad</strong></span> <span class='ocrx_word' id='word_1_126' title='bbox 1787 2123 2069 2185; x_wconf 89' lang='lat' dir='ltr'><strong>Ilerdam</strong></span> <span class='ocrx_word' id='word_1_127' title='bbox 2098 2122 2169 2185; x_wconf 90' lang='lat' dir='ltr'><strong>in</strong></span> <span class='ocrx_word' id='word_1_128' title='bbox 2211 2123 2479 2187; x_wconf 89' lang='lat' dir='ltr'><strong>deditio·</strong></span> 
     </span>
     <span class='ocr_line' id='line_1_17' title="bbox 354 2220 2479 2308; baseline 0.002 -25"><span class='ocrx_word' id='word_1_129' title='bbox 354 2241 506 2283; x_wconf 89' lang='lat' dir='ltr'><strong>nem</strong></span> <span class='ocrx_word' id='word_1_130' title='bbox 535 2220 780 2304; x_wconf 89' lang='lat' dir='ltr'><strong>accepit</strong></span> <span class='ocrx_word' id='word_1_131' title='bbox 811 2244 1157 2306; x_wconf 88' lang='lat' dir='ltr'><strong>omnesque</strong></span> <span class='ocrx_word' id='word_1_132' title='bbox 1187 2223 1543 2287; x_wconf 90' lang='lat' dir='ltr'><strong>incolumes</strong></span> <span class='ocrx_word' id='word_1_133' title='bbox 1573 2221 1819 2286; x_wconf 82' lang='lat' dir='ltr'><strong>dimisit</strong></span> <span class='ocrx_word' id='word_1_134' title='bbox 1838 2271 1857 2298; x_wconf 93' lang='lat'><strong>,</strong></span> <span class='ocrx_word' id='word_1_135' title='bbox 1906 2225 2195 2287; x_wconf 89' lang='lat' dir='ltr'><strong>Varrone</strong></span> <span class='ocrx_word' id='word_1_136' title='bbox 2225 2247 2479 2308; x_wconf 91' lang='lat' dir='ltr'><strong>quoque</strong></span> 
     </span>
     <span class='ocr_line' id='line_1_18' title="bbox 353 2323 2472 2408; baseline 0.003 -24"><span class='ocrx_word' id='word_1_137' title='bbox 353 2323 565 2406; x_wconf 88' lang='lat' dir='ltr'><strong>legato</strong></span> <span class='ocrx_word' id='word_1_138' title='bbox 597 2323 868 2408; x_wconf 84' lang='lat' dir='ltr'><strong>Pompei</strong></span> <span class='ocrx_word' id='word_1_139' title='bbox 909 2346 1058 2388; x_wconf 89' lang='lat' dir='ltr'><strong>cum</strong></span> <span class='ocrx_word' id='word_1_140' title='bbox 1099 2326 1386 2389; x_wconf 85' lang='lat' dir='ltr'><strong>exercitu</strong></span> <span class='ocrx_word' id='word_1_141' title='bbox 1428 2325 1500 2388; x_wconf 89' lang='lat' dir='ltr'><strong>in</strong></span> <span class='ocrx_word' id='word_1_142' title='bbox 1542 2333 1929 2407; x_wconf 88' lang='lat' dir='ltr'><strong>potestatem</strong></span> <span class='ocrx_word' id='word_1_143' title='bbox 1969 2345 2152 2387; x_wconf 87' lang='lat' dir='ltr'><strong>suam</strong></span> <span class='ocrx_word' id='word_1_144' title='bbox 2193 2328 2472 2390; x_wconf 82' lang='lat' dir='ltr'><strong>redactO.</strong></span> 
     </span>
     <span class='ocr_line' id='line_1_19' title="bbox 359 2425 2479 2493; baseline 0.002 -4"><span class='ocrx_word' id='word_1_145' title='bbox 359 2425 703 2490; x_wconf 81' lang='lat' dir='ltr'><strong>Gaditanis</strong></span> <span class='ocrx_word' id='word_1_146' title='bbox 735 2427 1068 2491; x_wconf 90' lang='lat' dir='ltr'><strong>ciuitatem</strong></span> <span class='ocrx_word' id='word_1_147' title='bbox 1098 2428 1298 2491; x_wconf 89' lang='lat' dir='ltr'><strong>dedit.</strong></span> <span class='ocrx_word' id='word_1_148' title='bbox 1365 2426 1801 2490; x_wconf 86' lang='lat' dir='ltr'><strong>Massilienses</strong></span> <span class='ocrx_word' id='word_1_149' title='bbox 1844 2426 2093 2491; x_wconf 88' lang='lat' dir='ltr'><strong>duobus</strong></span> <span class='ocrx_word' id='word_1_150' title='bbox 2135 2429 2479 2493; x_wconf 90' lang='lat' dir='ltr'><strong>naualibus</strong></span> 
     </span>
     <span class='ocr_line' id='line_1_20' title="bbox 359 2526 2478 2613; baseline 0.002 -25"><span class='ocrx_word' id='word_1_151' title='bbox 359 2528 616 2609; x_wconf 90' lang='lat' dir='ltr'><strong>proeliis</strong></span> <span class='ocrx_word' id='word_1_152' title='bbox 662 2530 823 2592; x_wconf 89' lang='lat' dir='ltr'><strong>uicti</strong></span> <span class='ocrx_word' id='word_1_153' title='bbox 850 2540 998 2613; x_wconf 89' lang='lat' dir='ltr'><strong>post</strong></span> <span class='ocrx_word' id='word_1_154' title='bbox 1026 2530 1288 2613; x_wconf 89' lang='lat' dir='ltr'><strong>longam</strong></span> <span class='ocrx_word' id='word_1_155' title='bbox 1321 2528 1722 2592; x_wconf 87' lang='lat' dir='ltr'><strong>obsidionem</strong></span> <span class='ocrx_word' id='word_1_156' title='bbox 1749 2526 2056 2610; x_wconf 90' lang='lat' dir='ltr'><strong>potestati</strong></span> <span class='ocrx_word' id='word_1_157' title='bbox 2087 2529 2379 2592; x_wconf 89' lang='lat' dir='ltr'><strong>Caesaris</strong></span> <span class='ocrx_word' id='word_1_158' title='bbox 2411 2552 2478 2593; x_wconf 91' lang='lat' dir='ltr'><strong>se</strong></span> 
     </span>
     <span class='ocr_line' id='line_1_21' title="bbox 254 2628 2477 2714; baseline 0.003 -26"><span class='ocrx_word' id='word_1_159' title='bbox 254 2639 320 2688; x_wconf 85' lang='lat'><strong>20</strong></span> <span class='ocrx_word' id='word_1_160' title='bbox 350 2628 800 2711; x_wconf 88' lang='lat' dir='ltr'><strong>permiserunt.</strong></span> <span class='ocrx_word' id='word_1_161' title='bbox 882 2633 955 2695; x_wconf 95' lang='lat' dir='ltr'><strong>C.</strong></span> <span class='ocrx_word' id='word_1_162' title='bbox 992 2631 1319 2696; x_wconf 88' lang='lat' dir='ltr'><strong>Antonius</strong></span> <span class='ocrx_word' id='word_1_163' title='bbox 1351 2632 1603 2714; x_wconf 87' lang='lat' dir='ltr'><strong>legatus</strong></span> <span class='ocrx_word' id='word_1_164' title='bbox 1634 2628 1923 2693; x_wconf 88' lang='lat' dir='ltr'><strong>Caesaris</strong></span> <span class='ocrx_word' id='word_1_165' title='bbox 1967 2629 2135 2692; x_wconf 89' lang='lat' dir='ltr'><strong>male</strong></span> <span class='ocrx_word' id='word_1_166' title='bbox 2167 2632 2477 2695; x_wconf 89' lang='lat' dir='ltr'><strong>aduersus</strong></span> 
     </span>
     <span class='ocr_line' id='line_1_22' title="bbox 355 2731 2479 2818; baseline 0.002 -24"><span class='ocrx_word' id='word_1_167' title='bbox 355 2732 782 2815; x_wconf 90' lang='lat' dir='ltr'><strong>Pompeianos</strong></span> <span class='ocrx_word' id='word_1_168' title='bbox 813 2733 885 2796; x_wconf 91' lang='lat' dir='ltr'><strong>in</strong></span> <span class='ocrx_word' id='word_1_169' title='bbox 897 2734 1158 2818; x_wconf 85' lang='lat' dir='ltr'><strong>Illyrico</strong></span> <span class='ocrx_word' id='word_1_170' title='bbox 1188 2734 1379 2796; x_wconf 89' lang='lat' dir='ltr'><strong>rebus</strong></span> <span class='ocrx_word' id='word_1_171' title='bbox 1409 2732 1607 2816; x_wconf 88' lang='lat' dir='ltr'><strong>gestis</strong></span> <span class='ocrx_word' id='word_1_172' title='bbox 1639 2742 1863 2815; x_wconf 85' lang='lat' dir='ltr'><strong>captus</strong></span> <span class='ocrx_word' id='word_1_173' title='bbox 1895 2740 2012 2795; x_wconf 89' lang='lat' dir='ltr'><strong>est.</strong></span> <span class='ocrx_word' id='word_1_174' title='bbox 2049 2731 2120 2794; x_wconf 88' lang='lat' dir='ltr'><strong>in</strong></span> <span class='ocrx_word' id='word_1_175' title='bbox 2151 2754 2276 2815; x_wconf 90' lang='lat' dir='ltr'><strong>quo</strong></span> <span class='ocrx_word' id='word_1_176' title='bbox 2305 2734 2479 2799; x_wconf 88' lang='lat' dir='ltr'><strong>bello</strong></span> 
     </span>
     <span class='ocr_line' id='line_1_23' title="bbox 353 2833 2476 2917; baseline 0.001 -20"><span class='ocrx_word' id='word_1_177' title='bbox 353 2833 719 2916; x_wconf 86' lang='lat' dir='ltr'><strong>Opitergini</strong></span> <span class='ocrx_word' id='word_1_178' title='bbox 771 2836 1220 2917; x_wconf 86' lang='lat' dir='ltr'><strong>transpadani,</strong></span> <span class='ocrx_word' id='word_1_179' title='bbox 1280 2834 1573 2900; x_wconf 88' lang='lat' dir='ltr'><strong>Caesaris</strong></span> <span class='ocrx_word' id='word_1_180' title='bbox 1616 2833 1996 2911; x_wconf 77' lang='lat' dir='ltr'><strong>auxiliareS,</strong></span> <span class='ocrx_word' id='word_1_181' title='bbox 2055 2844 2192 2898; x_wconf 89' lang='lat' dir='ltr'><strong>rate</strong></span> <span class='ocrx_word' id='word_1_182' title='bbox 2237 2858 2352 2899; x_wconf 88' lang='lat' dir='ltr'><strong>sua</strong></span> <span class='ocrx_word' id='word_1_183' title='bbox 2396 2838 2476 2901; x_wconf 93' lang='lat' dir='ltr'><strong>ab</strong></span> 
     </span>
     <span class='ocr_line' id='line_1_24' title="bbox 353 2934 2477 3021; baseline 0.001 -22"><span class='ocrx_word' id='word_1_184' title='bbox 353 2934 662 3021; x_wconf 44' lang='lat' dir='ltr'><strong>hostibus·</strong></span> <span class='ocrx_word' id='word_1_185' title='bbox 679 2936 956 3001; x_wconf 91' lang='lat' dir='ltr'><strong>nauibus</strong></span> <span class='ocrx_word' id='word_1_186' title='bbox 980 2938 1158 3001; x_wconf 88' lang='lat' dir='ltr'><strong>clusa</strong></span> <span class='ocrx_word' id='word_1_187' title='bbox 1187 2936 1402 3018; x_wconf 91' lang='lat' dir='ltr'><strong>potius</strong></span> <span class='ocrx_word' id='word_1_188' title='bbox 1436 2958 1632 3019; x_wconf 89' lang='lat' dir='ltr'><strong>quam</strong></span> <span class='ocrx_word' id='word_1_189' title='bbox 1661 2936 1731 2998; x_wconf 93' lang='lat' dir='ltr'><strong>in</strong></span> <span class='ocrx_word' id='word_1_190' title='bbox 1774 2945 2160 3017; x_wconf 89' lang='lat' dir='ltr'><strong>potestatem</strong></span> <span class='ocrx_word' id='word_1_191' title='bbox 2189 2936 2477 3001; x_wconf 88' lang='lat' dir='ltr'><strong>hostium</strong></span> 
     </span>
     <span class='ocr_line' id='line_1_25' title="bbox 350 3036 2476 3122; baseline 0.002 -24"><span class='ocrx_word' id='word_1_192' title='bbox 350 3036 648 3099; x_wconf 89' lang='lat' dir='ltr'><strong>uenirent</strong></span> <span class='ocrx_word' id='word_1_193' title='bbox 676 3036 846 3099; x_wconf 89' lang='lat' dir='ltr'><strong>inter</strong></span> <span class='ocrx_word' id='word_1_194' title='bbox 877 3058 942 3099; x_wconf 90' lang='lat' dir='ltr'><strong>se</strong></span> <span class='ocrx_word' id='word_1_195' title='bbox 974 3046 1422 3099; x_wconf 89' lang='lat' dir='ltr'><strong>concurrentes</strong></span> <span class='ocrx_word' id='word_1_196' title='bbox 1455 3038 1915 3099; x_wconf 86' lang='lat' dir='ltr'><strong>occubuerunt.</strong></span> <span class='ocrx_word' id='word_1_197' title='bbox 1967 3037 2042 3099; x_wconf 92' lang='lat' dir='ltr'><strong>C.</strong></span> <span class='ocrx_word' id='word_1_198' title='bbox 2079 3037 2274 3100; x_wconf 91' lang='lat' dir='ltr'><strong>Curio</strong></span> <span class='ocrx_word' id='word_1_199' title='bbox 2304 3040 2476 3122; x_wconf 89' lang='lat' dir='ltr'><strong>lega-</strong></span> 
     </span>
     <span class='ocr_line' id='line_1_26' title="bbox 251 3136 2475 3219; baseline 0.001 -20"><span class='ocrx_word' id='word_1_200' title='bbox 251 3149 318 3199; x_wconf 84' lang='lat'><strong>25</strong></span> <span class='ocrx_word' id='word_1_201' title='bbox 349 3147 455 3201; x_wconf 90' lang='lat' dir='ltr'><strong>tus</strong></span> <span class='ocrx_word' id='word_1_202' title='bbox 486 3136 775 3201; x_wconf 88' lang='lat' dir='ltr'><strong>Caesaris</strong></span> <span class='ocrx_word' id='word_1_203' title='bbox 817 3137 887 3199; x_wconf 92' lang='lat' dir='ltr'><strong>in</strong></span> <span class='ocrx_word' id='word_1_204' title='bbox 916 3138 1133 3200; x_wconf 82' lang='lat' dir='ltr'><strong>Africa</strong></span> <span class='ocrx_word' id='word_1_205' title='bbox 1163 3158 1312 3199; x_wconf 91' lang='lat' dir='ltr'><strong>cum</strong></span> <span class='ocrx_word' id='word_1_206' title='bbox 1340 3158 1639 3219; x_wconf 87' lang='lat' dir='ltr'><strong>prospere</strong></span> <span class='ocrx_word' id='word_1_207' title='bbox 1670 3138 1978 3199; x_wconf 87' lang='lat' dir='ltr'><strong>aduersus</strong></span> <span class='ocrx_word' id='word_1_208' title='bbox 2008 3138 2254 3199; x_wconf 86' lang='lat' dir='ltr'><strong>Varum</strong></span> <span class='ocrx_word' id='word_1_209' title='bbox 2284 3139 2475 3202; x_wconf 90' lang='lat' dir='ltr'><strong>Pom-</strong></span> 
     </span>
     <span class='ocr_line' id='line_1_27' title="bbox 349 3238 2475 3321; baseline 0.001 -20"><span class='ocrx_word' id='word_1_210' title='bbox 349 3239 727 3321; x_wconf 89' lang='lat' dir='ltr'><strong>peianarum</strong></span> <span class='ocrx_word' id='word_1_211' title='bbox 754 3238 1037 3321; x_wconf 87' lang='lat' dir='ltr'><strong>partium</strong></span> <span class='ocrx_word' id='word_1_212' title='bbox 1069 3241 1300 3303; x_wconf 90' lang='lat' dir='ltr'><strong>ducem</strong></span> <span class='ocrx_word' id='word_1_213' title='bbox 1329 3247 1713 3321; x_wconf 84' lang='lat' dir='ltr'><strong>pugnasset,</strong></span> <span class='ocrx_word' id='word_1_214' title='bbox 1765 3260 1804 3300; x_wconf 92' lang='lat' dir='ltr'><strong>a</strong></span> <span class='ocrx_word' id='word_1_215' title='bbox 1843 3239 2010 3300; x_wconf 91' lang='lat' dir='ltr'><strong>Iuba</strong></span> <span class='ocrx_word' id='word_1_216' title='bbox 2040 3258 2188 3321; x_wconf 87' lang='lat' dir='ltr'><strong>rege</strong></span> <span class='ocrx_word' id='word_1_217' title='bbox 2220 3240 2475 3304; x_wconf 85' lang='lat' dir='ltr'><strong>Maure-</strong></span> 
     </span>
    </p>
   </div>
   <div class='ocr_carea' id='block_1_5' title="bbox 281 3540 2477 4223">
    <p class='ocr_par' dir='ltr' id='par_1_6' title="bbox 345 3540 2477 4001">
     <span class='ocr_line' id='line_1_28' title="bbox 351 3540 2475 3616; baseline 0.005 -27"><span class='ocrx_word' id='word_1_218' title='bbox 351 3541 381 3589; x_wconf 90' lang='lat'>2</span> <span class='ocrx_word' id='word_1_219' title='bbox 407 3540 629 3593; x_wconf 87' lang='lat' dir='ltr'><strong>omnino</strong></span> <span class='ocrx_word' id='word_1_220' title='bbox 664 3542 970 3595; x_wconf 87' lang='lat' dir='ltr'><strong>mitteretur</strong></span> <span class='ocrx_word' id='word_1_221' title='bbox 1005 3559 1036 3594; x_wconf 84' lang='lat' dir='ltr'><strong>r</strong></span> <span class='ocrx_word' id='word_1_222' title='bbox 1061 3543 1078 3612; x_wconf 88' lang='grc' dir='ltr'><strong>ΙΙ</strong></span> <span class='ocrx_word' id='word_1_223' title='bbox 1118 3542 1199 3595; x_wconf 93' lang='grc' dir='ltr'><strong>Μ.</strong></span> <span class='ocrx_word' id='word_1_224' title='bbox 1227 3543 1503 3597; x_wconf 88' lang='lat' dir='ltr'><strong>Antonius</strong></span> <span class='ocrx_word' id='word_1_225' title='bbox 1529 3551 1585 3598; x_wconf 86' lang='lat' dir='ltr'><strong>et</strong></span> <span class='ocrx_word' id='word_1_226' title='bbox 1610 3545 1679 3604; x_wconf 85' lang='lat' dir='ltr'><strong>Q.</strong></span> <span class='ocrx_word' id='word_1_227' title='bbox 1710 3544 1934 3599; x_wconf 88' lang='lat' dir='ltr'><strong>Crassus</strong></span> <span class='ocrx_word' id='word_1_228' title='bbox 1957 3546 2152 3616; x_wconf 57' lang='lat' dir='ltr'><strong>sempsi</strong></span> <span class='ocrx_word' id='word_1_229' title='bbox 2162 3567 2179 3597; x_wconf 94' lang='lat'><strong>.·</strong></span> <span class='ocrx_word' id='word_1_230' title='bbox 2219 3564 2293 3598; x_wconf 91' lang='lat' dir='ltr'><strong>m.</strong></span> <span class='ocrx_word' id='word_1_231' title='bbox 2322 3554 2475 3599; x_wconf 83' lang='lat' dir='ltr'><strong>anto-</strong></span> 
     </span>
     <span class='ocr_line' id='line_1_29' title="bbox 348 3610 2475 3691; baseline 0.006 -29"><span class='ocrx_word' id='word_1_232' title='bbox 348 3610 441 3663; x_wconf 90' lang='lat' dir='ltr'><strong>nio</strong></span> <span class='ocrx_word' id='word_1_233' title='bbox 466 3619 521 3664; x_wconf 87' lang='lat' dir='ltr'><strong>et</strong></span> <span class='ocrx_word' id='word_1_234' title='bbox 545 3630 598 3681; x_wconf 91' lang='lat' dir='ltr'><strong>q.</strong></span> <span class='ocrx_word' id='word_1_235' title='bbox 627 3631 806 3667; x_wconf 80' lang='lat' dir='ltr'><strong>crasso</strong></span> <span class='ocrx_word' id='word_1_236' title='bbox 828 3626 944 3677; x_wconf 77' lang='grc' dir='ltr'><strong>Νςν</strong></span> <span class='ocrx_word' id='word_1_237' title='bbox 968 3615 986 3683; x_wconf 74' lang='grc' dir='ltr'><strong>ΙΙ</strong></span> <span class='ocrx_word' id='word_1_238' title='bbox 1014 3621 1042 3667; x_wconf 85' lang='grc'>4</span> <span class='ocrx_word' id='word_1_239' title='bbox 1080 3615 1223 3686; x_wconf 90' lang='lat' dir='ltr'><strong>pulsi</strong></span> <span class='ocrx_word' id='word_1_240' title='bbox 1261 3624 1392 3669; x_wconf 88' lang='lat' dir='ltr'><strong>sunt</strong></span> <span class='ocrx_word' id='word_1_241' title='bbox 1423 3618 1645 3687; x_wconf 61' lang='lat' dir='ltr'><strong>scripsi.-</strong></span> <span class='ocrx_word' id='word_1_242' title='bbox 1682 3620 1855 3688; x_wconf 87' lang='lat' dir='ltr'><strong>pulsis</strong></span> <span class='ocrx_word' id='word_1_243' title='bbox 1889 3633 2006 3683; x_wconf 76' lang='grc' dir='ltr'><strong>Νςν</strong></span> <span class='ocrx_word' id='word_1_244' title='bbox 2040 3623 2057 3691; x_wconf 83' lang='grc' dir='ltr'><strong>ΙΙ</strong></span> <span class='ocrx_word' id='word_1_245' title='bbox 2095 3626 2125 3675; x_wconf 91' lang='grc'><strong>6</strong></span> <span class='ocrx_word' id='word_1_246' title='bbox 2159 3630 2475 3691; x_wconf 89' lang='lat' dir='ltr'><strong>persecutus</strong></span> 
     </span>
     <span class='ocr_line' id='line_1_30' title="bbox 348 3687 2474 3768; baseline 0.007 -30"><span class='ocrx_word' id='word_1_247' title='bbox 348 3702 380 3738; x_wconf 83' lang='lat' dir='ltr'><strong>r</strong></span> <span class='ocrx_word' id='word_1_248' title='bbox 405 3687 424 3756; x_wconf 75' lang='lat' dir='ltr'>H</span> <span class='ocrx_word' id='word_1_249' title='bbox 451 3691 482 3739; x_wconf 89' lang='lat'>8</span> <span class='ocrx_word' id='word_1_250' title='bbox 506 3688 570 3741; x_wconf 92' lang='lat' dir='ltr'><strong>P.</strong></span> <span class='ocrx_word' id='word_1_251' title='bbox 595 3690 940 3747; x_wconf 80' lang='lat' dir='ltr'><strong>Perizonius.-</strong></span> <span class='ocrx_word' id='word_1_252' title='bbox 962 3692 1000 3744; x_wconf 86' lang='grc'><strong>1.</strong></span> <span class='ocrx_word' id='word_1_253' title='bbox 1021 3706 1136 3756; x_wconf 81' lang='grc' dir='ltr'><strong>Νςν</strong></span> <span class='ocrx_word' id='word_1_254' title='bbox 1160 3694 1178 3763; x_wconf 78' lang='grc' dir='ltr'><strong>ΙΙ</strong></span> <span class='ocrx_word' id='word_1_255' title='bbox 1206 3698 1236 3746; x_wconf 86' lang='grc'><strong>9</strong></span> <span class='ocrx_word' id='word_1_256' title='bbox 1256 3694 1649 3766; x_wconf 86' lang='lat' dir='ltr'><strong>uniuersosque</strong></span> <span class='ocrx_word' id='word_1_257' title='bbox 1675 3697 1790 3750; x_wconf 86' lang='lat' dir='ltr'><strong>eius</strong></span> <span class='ocrx_word' id='word_1_258' title='bbox 1815 3699 2049 3768; x_wconf 87' lang='lat' dir='ltr'><strong>partium</strong></span> <span class='ocrx_word' id='word_1_259' title='bbox 2069 3699 2231 3752; x_wconf 82' lang='lat' dir='ltr'><strong>ltalia</strong></span> <span class='ocrx_word' id='word_1_260' title='bbox 2252 3701 2474 3753; x_wconf 88' lang='lat' dir='ltr'><strong>omnino</strong></span> 
     </span>
     <span class='ocr_line' id='line_1_31' title="bbox 350 3767 2474 3845; baseline 0.007 -26"><span class='ocrx_word' id='word_1_261' title='bbox 350 3782 383 3819; x_wconf 81' lang='lat' dir='ltr'><strong>r</strong></span> <span class='ocrx_word' id='word_1_262' title='bbox 407 3767 424 3835; x_wconf 84' lang='grc' dir='ltr'><strong>ΙΙ</strong></span> <span class='ocrx_word' id='word_1_263' title='bbox 457 3770 518 3817; x_wconf 85' lang='grc'><strong>12</strong></span> <span class='ocrx_word' id='word_1_264' title='bbox 554 3768 582 3819; x_wconf 97' lang='lat' dir='ltr'>I</span> <span class='ocrx_word' id='word_1_265' title='bbox 619 3784 651 3819; x_wconf 86' lang='lat' dir='ltr'><strong>r</strong></span> <span class='ocrx_word' id='word_1_266' title='bbox 675 3770 692 3838; x_wconf 75' lang='lat' dir='ltr'>ss</span> <span class='ocrx_word' id='word_1_267' title='bbox 719 3770 825 3838; x_wconf 87' lang='lat' dir='ltr'><strong>ipsi</strong></span> <span class='ocrx_word' id='word_1_268' title='bbox 850 3770 1116 3824; x_wconf 84' lang='lat' dir='ltr'><strong>clauserat</strong></span> <span class='ocrx_word' id='word_1_269' title='bbox 1142 3790 1207 3835; x_wconf 87' lang='grc' dir='ltr'><strong>ςν</strong></span> <span class='ocrx_word' id='word_1_270' title='bbox 1232 3773 1250 3842; x_wconf 83' lang='lat' dir='ltr'><strong>ll</strong></span> <span class='ocrx_word' id='word_1_271' title='bbox 1281 3776 1342 3824; x_wconf 89' lang='lat'><strong>13</strong></span> <span class='ocrx_word' id='word_1_272' title='bbox 1368 3773 1518 3826; x_wconf 88' lang='lat' dir='ltr'><strong>urbis</strong></span> <span class='ocrx_word' id='word_1_273' title='bbox 1555 3775 1672 3828; x_wconf 88' lang='lat' dir='ltr'><strong>eius</strong></span> <span class='ocrx_word' id='word_1_274' title='bbox 1706 3776 1899 3845; x_wconf 85' lang='lat' dir='ltr'><strong>legatis</strong></span> <span class='ocrx_word' id='word_1_275' title='bbox 1926 3795 2009 3829; x_wconf 89' lang='lat' dir='ltr'><strong>om</strong></span> <span class='ocrx_word' id='word_1_276' title='bbox 2047 3796 2112 3840; x_wconf 87' lang='grc' dir='ltr'><strong>ςν</strong></span> <span class='ocrx_word' id='word_1_277' title='bbox 2186 3781 2247 3830; x_wconf 84' lang='grc'><strong>14</strong></span> <span class='ocrx_word' id='word_1_278' title='bbox 2288 3780 2474 3833; x_wconf 88' lang='lat' dir='ltr'><strong>africa-</strong></span> 
     </span>
     <span class='ocr_line' id='line_1_32' title="bbox 345 3843 2474 3927; baseline 0.008 -33"><span class='ocrx_word' id='word_1_279' title='bbox 345 3859 479 3895; x_wconf 89' lang='lat' dir='ltr'><strong>num</strong></span> <span class='ocrx_word' id='word_1_280' title='bbox 495 3855 580 3905; x_wconf 82' lang='grc' dir='ltr'><strong>Νς</strong></span> <span class='ocrx_word' id='word_1_281' title='bbox 605 3843 622 3911; x_wconf 77' lang='lat' dir='ltr'>ss</span> <span class='ocrx_word' id='word_1_282' title='bbox 649 3844 729 3896; x_wconf 93' lang='lat' dir='ltr'><strong>M.</strong></span> <span class='ocrx_word' id='word_1_283' title='bbox 762 3845 1010 3915; x_wconf 73' lang='lat' dir='ltr'><strong>Siyonius</strong></span> <span class='ocrx_word' id='word_1_284' title='bbox 1028 3868 1046 3897; x_wconf 91' lang='lat'><em>:</em></span> <span class='ocrx_word' id='word_1_285' title='bbox 1075 3864 1121 3899; x_wconf 89' lang='lat' dir='ltr'><strong>c.</strong></span> <span class='ocrx_word' id='word_1_286' title='bbox 1149 3860 1264 3910; x_wconf 77' lang='grc' dir='ltr'><strong>Νςν</strong></span> <span class='ocrx_word' id='word_1_287' title='bbox 1288 3848 1306 3919; x_wconf 75' lang='grc' dir='ltr'><strong>ΙΙ</strong></span> <span class='ocrx_word' id='word_1_288' title='bbox 1339 3850 1400 3899; x_wconf 88' lang='grc'><strong>19</strong></span> <span class='ocrx_word' id='word_1_289' title='bbox 1425 3849 1562 3902; x_wconf 88' lang='lat' dir='ltr'><strong>uicti</strong></span> <span class='ocrx_word' id='word_1_290' title='bbox 1584 3852 2001 3904; x_wconf 55' lang='lat' dir='ltr'><strong>Mediolanenses</strong></span> <span class='ocrx_word' id='word_1_291' title='bbox 2019 3874 2036 3903; x_wconf 93' lang='lat'><strong>.·</strong></span> <span class='ocrx_word' id='word_1_292' title='bbox 2076 3853 2211 3907; x_wconf 85' lang='lat' dir='ltr'><strong>uicit</strong></span> <span class='ocrx_word' id='word_1_293' title='bbox 2232 3867 2347 3917; x_wconf 79' lang='grc' dir='ltr'><strong>Νςν</strong></span> <span class='ocrx_word' id='word_1_294' title='bbox 2370 3858 2389 3927; x_wconf 83' lang='grc' dir='ltr'><strong>ΙΙ</strong></span> <span class='ocrx_word' id='word_1_295' title='bbox 2415 3858 2474 3911; x_wconf 87' lang='lat' dir='ltr'><strong>in</strong></span> 
     </span>
     <span class='ocr_line' id='line_1_33' title="bbox 345 3925 2477 4001; baseline 0.007 -28"><span class='ocrx_word' id='word_1_296' title='bbox 345 3928 669 3992; x_wconf 84' lang='lat' dir='ltr'><strong>potestatem</strong></span> <span class='ocrx_word' id='word_1_297' title='bbox 693 3941 725 3974; x_wconf 86' lang='lat' dir='ltr'><strong>r</strong></span> <span class='ocrx_word' id='word_1_298' title='bbox 750 3925 768 3992; x_wconf 77' lang='lat' dir='ltr'>ss</span> <span class='ocrx_word' id='word_1_299' title='bbox 797 3928 860 3976; x_wconf 83' lang='lat'><strong>20</strong></span> <span class='ocrx_word' id='word_1_300' title='bbox 888 3932 1076 3976; x_wconf 85' lang='lat' dir='ltr'><strong>contra</strong></span> <span class='ocrx_word' id='word_1_301' title='bbox 1097 3925 1455 3997; x_wconf 89' lang='lat' dir='ltr'><strong>Pompeianos</strong></span> <span class='ocrx_word' id='word_1_302' title='bbox 1480 3929 1751 3997; x_wconf 83' lang='lat' dir='ltr'><strong>pugnauit</strong></span> <span class='ocrx_word' id='word_1_303' title='bbox 1775 3936 1831 3981; x_wconf 90' lang='lat' dir='ltr'><strong>et</strong></span> <span class='ocrx_word' id='word_1_304' title='bbox 1850 3931 1907 3981; x_wconf 67' lang='lat' dir='ltr'><strong>in</strong></span> <span class='ocrx_word' id='word_1_305' title='bbox 1932 3929 2152 3998; x_wconf 82' lang='lat' dir='ltr'><strong>Illyrico</strong></span> <span class='ocrx_word' id='word_1_306' title='bbox 2177 3938 2367 4001; x_wconf 85' lang='lat' dir='ltr'><strong>captus</strong></span> <span class='ocrx_word' id='word_1_307' title='bbox 2392 3940 2477 3987; x_wconf 86' lang='lat' dir='ltr'><strong>est</strong></span> 
     </span>
    </p>

    <p class='ocr_par' dir='ltr' id='par_1_7' title="bbox 281 3998 2473 4223">
     <span class='ocr_line' id='line_1_34' title="bbox 281 3998 2473 4077; baseline 0.007 -28"><span class='ocrx_word' id='word_1_308' title='bbox 281 4050 286 4055; x_wconf 81' lang='grc'><strong>,</strong></span> <span class='ocrx_word' id='word_1_309' title='bbox 345 4016 378 4050; x_wconf 90' lang='lat' dir='ltr'><strong>r</strong></span> <span class='ocrx_word' id='word_1_310' title='bbox 403 3998 422 4067; x_wconf 81' lang='lat' dir='ltr'>ss</span> <span class='ocrx_word' id='word_1_311' title='bbox 449 4002 512 4052; x_wconf 89' lang='lat'><strong>23</strong></span> <span class='ocrx_word' id='word_1_312' title='bbox 554 3999 796 4053; x_wconf 87' lang='lat' dir='ltr'><strong>hostium</strong></span> <span class='ocrx_word' id='word_1_313' title='bbox 823 4018 887 4065; x_wconf 89' lang='grc' dir='ltr'><strong>ς,</strong></span> <span class='ocrx_word' id='word_1_314' title='bbox 925 4000 1217 4055; x_wconf 88' lang='lat' dir='ltr'><strong>hostilibus</strong></span> <span class='ocrx_word' id='word_1_315' title='bbox 1257 4020 1289 4054; x_wconf 85' lang='lat' dir='ltr'><strong>r</strong></span> <span class='ocrx_word' id='word_1_316' title='bbox 1315 4002 1332 4071; x_wconf 76' lang='grc' dir='ltr'><strong>ΙΙ</strong></span> <span class='ocrx_word' id='word_1_317' title='bbox 1360 4002 1543 4056; x_wconf 84' lang='lat' dir='ltr'><strong>clausa</strong></span> <span class='ocrx_word' id='word_1_318' title='bbox 1567 4023 1633 4067; x_wconf 77' lang='grc' dir='ltr'><strong>ςν</strong></span> <span class='ocrx_word' id='word_1_319' title='bbox 1658 4005 1675 4074; x_wconf 77' lang='lat' dir='ltr'>ss</span> <span class='ocrx_word' id='word_1_320' title='bbox 1713 4005 2056 4059; x_wconf 89' lang='lat' dir='ltr'><strong>inimicorum</strong></span> <span class='ocrx_word' id='word_1_321' title='bbox 2092 4025 2123 4059; x_wconf 85' lang='lat' dir='ltr'><strong>r</strong></span> <span class='ocrx_word' id='word_1_322' title='bbox 2149 4008 2167 4077; x_wconf 80' lang='grc' dir='ltr'><strong>ΙΙ</strong></span> <span class='ocrx_word' id='word_1_323' title='bbox 2196 4011 2261 4061; x_wconf 84' lang='grc'><strong>24</strong></span> <span class='ocrx_word' id='word_1_324' title='bbox 2288 4028 2473 4065; x_wconf 88' lang='lat' dir='ltr'><strong>occur-</strong></span> 
     </span>
     <span class='ocr_line' id='line_1_35' title="bbox 343 4076 2473 4155; baseline 0.007 -28"><span class='ocrx_word' id='word_1_325' title='bbox 343 4085 524 4129; x_wconf 87' lang='lat' dir='ltr'><strong>rentes</strong></span> <span class='ocrx_word' id='word_1_326' title='bbox 552 4093 618 4137; x_wconf 76' lang='grc' dir='ltr'><strong>ςν</strong></span> <span class='ocrx_word' id='word_1_327' title='bbox 643 4076 660 4147; x_wconf 80' lang='grc' dir='ltr'><strong>ΙΙ</strong></span> <span class='ocrx_word' id='word_1_328' title='bbox 689 4080 753 4128; x_wconf 86' lang='grc'><strong>25</strong></span> <span class='ocrx_word' id='word_1_329' title='bbox 779 4094 1033 4147; x_wconf 90' lang='lat' dir='ltr'><strong>prospere</strong></span> <span class='ocrx_word' id='word_1_330' title='bbox 1058 4097 1141 4130; x_wconf 87' lang='lat' dir='ltr'><strong>om</strong></span> <span class='ocrx_word' id='word_1_331' title='bbox 1165 4096 1198 4130; x_wconf 85' lang='lat' dir='ltr'><strong>r</strong></span> <span class='ocrx_word' id='word_1_332' title='bbox 1223 4082 1240 4150; x_wconf 73' lang='grc' dir='ltr'><strong>ΙΙ</strong></span> <span class='ocrx_word' id='word_1_333' title='bbox 1267 4079 1468 4133; x_wconf 86' lang='lat' dir='ltr'><strong>Varum</strong></span> <span class='ocrx_word' id='word_1_334' title='bbox 1509 4098 1594 4134; x_wconf 89' lang='lat' dir='ltr'><strong>om</strong></span> <span class='ocrx_word' id='word_1_335' title='bbox 1634 4099 1699 4144; x_wconf 77' lang='grc' dir='ltr'><strong>ςν</strong></span> <span class='ocrx_word' id='word_1_336' title='bbox 1724 4082 1741 4151; x_wconf 72' lang='grc' dir='ltr'><strong>ΙΙ</strong></span> <span class='ocrx_word' id='word_1_337' title='bbox 1769 4086 1835 4136; x_wconf 88' lang='grc'><strong>26</strong></span> <span class='ocrx_word' id='word_1_338' title='bbox 1872 4083 2009 4136; x_wconf 86' lang='lat' dir='ltr'><strong>duce</strong></span> <span class='ocrx_word' id='word_1_339' title='bbox 2046 4096 2094 4137; x_wconf 82' lang='grc' dir='ltr'><em>Ν</em></span> <span class='ocrx_word' id='word_1_340' title='bbox 2118 4084 2135 4155; x_wconf 78' lang='grc' dir='ltr'><strong>ΙΙ</strong></span> <span class='ocrx_word' id='word_1_341' title='bbox 2163 4085 2354 4139; x_wconf 87' lang='lat' dir='ltr'><strong>ducem</strong></span> <span class='ocrx_word' id='word_1_342' title='bbox 2380 4105 2473 4142; x_wconf 80' lang='lat' dir='ltr'><strong>ua-</strong></span> 
     </span>
     <span class='ocr_line' id='line_1_36' title="bbox 342 4151 1185 4223; baseline 0.004 -20"><span class='ocrx_word' id='word_1_343' title='bbox 342 4168 464 4204; x_wconf 88' lang='lat' dir='ltr'><strong>rum</strong></span> <span class='ocrx_word' id='word_1_344' title='bbox 492 4172 542 4217; x_wconf 85' lang='grc' dir='ltr'><strong>ς,</strong></span> <span class='ocrx_word' id='word_1_345' title='bbox 573 4151 765 4204; x_wconf 87' lang='lat' dir='ltr'><strong>ducem</strong></span> <span class='ocrx_word' id='word_1_346' title='bbox 792 4152 1086 4206; x_wconf 86' lang='lat' dir='ltr'><strong>Varronem</strong></span> <span class='ocrx_word' id='word_1_347' title='bbox 1111 4171 1143 4205; x_wconf 86' lang='lat' dir='ltr'><strong>r</strong></span> <span class='ocrx_word' id='word_1_348' title='bbox 1168 4154 1185 4223; x_wconf 75' lang='lat' dir='ltr'>ss</span> 
     </span>
    </p>
   </div>
  </div>
 </body>
</html>
