3052 4823
1069 329 1129 369 T.
1167 327 1309 370 mvr
1345 325 1743 370 LVI—mm.
2392 301 2473 364 63

1083 580 1211 641 EX
1256 579 1428 642 LIB.
1480 578 1738 642 LVIII.

353 785 499 848 Tib.
537 782 956 866 Sempronius
989 783 1321 846 Gracchus
1355 781 1500 845 trib.
1537 782 1708 864 pleb.
1743 803 1893 844 cum
1923 783 2137 864 legem
2165 780 2477 864 agrariam

349 887 542 949 ferret
574 887 880 949 aduersus
909 885 1315 948 uoluntatem
1346 894 1609 947 senatus
1659 893 1723 946 et
1762 882 2071 966 equestris
2104 881 2343 945 ordinis
2366 877 2477 944 ‘ne

352 987 496 1070 quis
542 1009 624 1049 ex
666 986 928 1068 publico
971 1009 1122 1069 agro
1163 987 1309 1069 plus
1357 1007 1551 1068 quam
1580 1006 1663 1048 00
1693 985 1916 1068 iugera
1942 976 2351 1068 possideret',
2406 984 2478 1046 in

283 1101 314 1150 5
346 1111 498 1151 eum
512 1090 790 1151 furorem
818 1089 1077 1165 exarsit,
1110 1098 1184 1151 ut
1199 1089 1293 1150 M.
1318 1088 1593 1151 Octauio
1611 1087 1889 1169 collegae
1906 1109 2168 1150 causam
2187 1087 2477 1149 diuersae

350 1190 550 1272 partis
582 1189 954 1253 defendenti
982 1201 1367 1272 potestatem
1407 1189 1549 1272 lege
1591 1188 1725 1251 lata
1767 1189 2135 1271 abrogaret,
2182 1211 2375 1270 seque
2416 1199 2481 1251 et

355 1293 433 1354 O.
465 1290 834 1354 Gracchum
863 1291 1127 1354 fratrem
1150 1302 1214 1354 et
1243 1291 1531 1374 Appium
1562 1291 1911 1354 Claudium
1941 1313 2229 1354 socerum
2256 1291 2479 1353 trium-

354 1393 528 1456 uiros
561 1394 642 1454 ad
673 1391 1099 1456 diuidendum
1129 1415 1353 1476 agrum
1387 1401 1646 1455 crearet.
1694 1392 2133 1474 promulgauit
2180 1405 2245 1454 et
2286 1393 2481 1456 aliam

354 1495 566 1577 legem
597 1493 936 1577 agrariam,
972 1517 1100 1576 qua
1129 1493 1254 1556 sibi
1283 1494 1478 1556 latius
1511 1515 1737 1576 agrum
1775 1494 2183 1577 patefaceret,
2204 1504 2279 1556 ut
2308 1493 2480 1557 idem

259 1608 324 1656 10
355 1594 683 1659 triumuiri
713 1594 1096 1671 iudicarent,
1131 1617 1259 1679 qua
1279 1595 1579 1679 publicus
1604 1617 1774 1677 ager,
1810 1617 1937 1678 qua
1965 1594 2257 1678 priuatus
2287 1606 2476 1657 esset.

359 1697 592 1760 deinde
635 1719 784 1760 cum
814 1697 1030 1760 minus
1063 1697 1200 1780 agri
1240 1707 1408 1760 esset
1438 1719 1633 1779 quam
1664 1698 1834 1778 quod
1862 1695 2067 1758 diuidi
2096 1706 2314 1778 posset
2344 1688 2482 1759 sine

359 1799 600 1863 offensa
629 1799 826 1861 etiam
854 1798 1100 1880 plebiS,
1149 1800 1453 1881 quoniam
1493 1821 1601 1862 eos
1633 1801 1714 1861 ad
1744 1798 2165 1880 cupiditatem
2195 1797 2484 1880 amplum

359 1902 626 1963 modum
655 1899 957 1982 sperandi
983 1899 1403 1977 incitauerat,
1450 1901 1660 1984 legem
1703 1923 1769 1963 se
1798 1901 2355 1983 promulgaturum
2388 1923 2485 1964 os-

360 2001 593 2078 tendit,
628 2014 703 2064 ut
734 2001 850 2077 eiS,
885 2001 996 2083 qui
1013 2002 1392 2085 Sempronia
1421 2003 1561 2086 lege
1594 2025 1817 2086 agrum
1837 2003 2121 2087 accipere
2152 2004 2481 2078 deberent,

262 2116 328 2165 15
357 2103 634 2185 pecunia
663 2126 825 2187 quae
852 2104 1020 2186 regis
1048 2104 1258 2167 Attali
1297 2104 1524 2168 fuisset
1568 2105 1980 2168 diuideretur.
2045 2105 2346 2167 heredem
2376 2126 2485 2167 au-

363 2216 494 2268 tem
523 2208 838 2289 populum
879 2209 1252 2270 Romanum
1294 2205 1638 2288 reliquerat
1667 2205 1927 2268 Attalus
1947 2254 1965 2281 ‚
2000 2228 2114 2268 rex
2158 2206 2483 2289 Pergami,

363 2307 676 2370 Eumenis
715 2309 912 2371 filius.
943 2359 948 2364 .
979 2317 1076 2371 tot
1093 2360 1099 2373 ,
1119 2307 1619 2390 indignitatibus
1666 2317 2023 2369 commotus
2064 2307 2349 2389 grauiter
2391 2329 2486 2370 se-

361 2420 578 2473 natus.
647 2423 798 2473 ante
850 2409 1058 2474 omnis
1092 2410 1168 2472 T.
1221 2408 1479 2472 Annius
1525 2407 1877 2471 consularis
1896 2456 1917 2484 ,
1964 2408 2119 2490 quia
2156 2409 2227 2471 in
2258 2419 2488 2473 senatu

363 2510 436 2573 in
481 2512 848 2575 Gracchum
886 2522 1242 2596 perorasset
1282 2521 1504 2594 raptus
1537 2512 1614 2573 ab
1647 2532 1721 2574 eo
1752 2512 1834 2573 ad
1861 2510 2179 2593 populum
2208 2510 2488 2574 delatus-

263 2624 331 2674 20
363 2636 488 2696 que
517 2614 716 2697 plebi,
749 2636 970 2677 rursus
1013 2614 1084 2676 in
1128 2634 1278 2675 eum
1318 2635 1433 2695 pro
1475 2611 1695 2676 rostris
1736 2611 2145 2676 contionatus
2171 2623 2289 2677 est.
2340 2636 2489 2676 cum

364 2714 600 2777 iterum
631 2715 780 2796 trib.
814 2716 986 2798 pleb.
1024 2716 1222 2778 creari
1251 2716 1449 2778 uellet
1497 2714 1864 2791 GracchuS,
1921 2725 2178 2777 auctore
2219 2716 2299 2777 P.
2336 2716 2489 2778 Cor-

366 2817 538 2879 nelio
569 2817 812 2881 Nasica
838 2817 911 2880 in
940 2818 1260 2901 Capitolio
1290 2819 1369 2880 ab
1403 2817 1819 2901 optimatibus
1851 2817 2098 2880 occisus
2143 2828 2274 2893 est,
2324 2816 2492 2880 ictus

366 2917 647 3000 primum
691 2919 1065 3003 fragmentis
1111 2920 1375 2983 subselli
1397 2968 1418 2996 ,
1483 2930 1549 2983 et
1591 2919 1761 2982 inter
1795 2918 1961 3001 ,alios
2008 2917 2121 3000 qui
2157 2919 2229 2981 in
2269 2920 2493 2981 eadem

373 3019 686 3083 seditione
718 3021 911 3085 occisi
953 3032 1136 3084 erant
1177 3020 1558 3103 insepultus,
1584 3020 1655 3082 in
1700 3022 1945 3083 flumen
1987 3019 2329 3102 proiectus.
2340 3041 2503 3107 “geg-

267 3133 333 3181 25
364 3132 694 3211 Qssrea
720 3123 792 3185 in
833 3122 1053 3187 Sicilia
1082 3122 1263 3185 uario
1294 3133 1537 3188 euentu
1580 3125 1887 3185 aduersus
1928 3119 2240 3204 fugitiuos
2281 3131 2495 3203 gestas

370 3222 682 3293 continet.
735 3273 741 3275 -

369 3545 399 3593 2
429 3542 485 3596 S.
527 3544 877 3615 Sempronius
913 3563 945 3597 r
970 3545 988 3615 11
1014 3544 1278 3615 agrariam
1315 3545 1492 3613 legem
1534 3560 1601 3605 ςν
1626 3540 1643 3611 11
1671 3545 1702 3593 4
1741 3540 1924 3594 decem
1962 3558 2054 3604 ςν,
2096 3547 2313 3593 centum
2341 3560 2392 3603 ς.
2443 3541 2498 3593 D

371 3619 622 3687 Sigonius
648 3620 666 3689 11
696 3625 722 3672 7
752 3620 812 3673 C.
841 3638 924 3672 om
948 3632 1063 3682 Νςν
1089 3622 1105 3689 11
1135 3624 1164 3673 8
1191 3620 1557 3672 diuidundum
1590 3638 1622 3672 r
1646 3622 1663 3691 11
1692 3624 1722 3673 9
1764 3638 1869 3691 qua
1906 3620 1953 3672 si
1990 3620 2111 3690 quis
2145 3620 2310 3673 latius
2335 3637 2365 3671 r
2391 3619 2409 3689 11
2435 3609 2499 3671 ii-

367 3695 490 3748 dem
517 3698 740 3750 omnino
765 3698 840 3767 ν11
871 3702 934 3750 10
971 3716 1078 3767 quo
1113 3708 1194 3764 Ny
1221 3695 1238 3763 11
1271 3698 1332 3747 12
1369 3712 1531 3763 quam
1572 3713 1665 3748 eos
1704 3708 1787 3757 Νς
1812 3696 1831 3765 11
1862 3699 1922 3747 13
1963 3696 2205 3747 ostendit
2245 3696 2315 3746 ob
2355 3694 2413 3746 id
2438 3700 2501 3746 ut

371 3790 438 3834 ςν
463 3774 480 3843 11
514 3776 572 3826 17
601 3774 1068 3845 indignationibus
1095 3790 1125 3825 r
1150 3776 1168 3842 11
1201 3776 1261 3825 18
1301 3772 1361 3824 C.
1399 3773 1673 3825 Antonius
1710 3791 1741 3825 r
1766 3775 1783 3844 11
1812 3773 2107 3826 consularis
2147 3773 2499 3824 Drakenbor-

370 3851 552 3904 chius:
591 3870 700 3905 cos.
729 3866 860 3917 Νςν,
907 3851 1198 3923 proconsul
1233 3866 1271 3917 9*
1297 3849 1316 3919 11
1343 3849 1472 3917 quia
1503 3850 1729 3925 ceruja-32⁸:
1769 3851 1862 3920 qui
1896 3862 2006 3913 Νς,
2050 3849 2144 3917 qui
2184 3867 2307 3901 cum
2332 3867 2363 3900 r
2388 3850 2405 3918 11
2434 3853 2498 3901 20

369 3929 548 3999 plebei
589 3948 621 3982 r
645 3932 662 4001 11
691 3935 757 3984 22
784 3949 816 3983 a
839 3931 1160 4001 primatibus
1199 3946 1265 3991 ςν
1290 3928 1308 3999 11
1336 3932 1400 3980 23
1436 3921 1819 3980 subselliorum
1858 3946 1923 3989 ςν
1949 3928 1966 3997 11
1995 3931 2059 3978 24
2097 3933 2153 3979 et
2188 3926 2245 3979 in
2297 3944 2363 3989 ςν
2388 3931 2406 3997 11
2435 3930 2499 3978 25

373 4006 660 4059 aduersum
685 4025 716 4059 r
742 4007 760 4078 11
2068 4018 2074 4025 ·
