3052 4823
585 336 666 397 80
1458 360 1842 404 PERIOCHAE

581 504 924 569 crudeliter
951 504 1201 588 direpta
1229 506 1585 591 prouincia,
1620 508 2013 572 incursiones
2040 510 2364 574 Thracum
2394 512 2465 575 in
2496 515 2711 579 Mace·

582 608 843 671 doniam
872 608 1255 671 referuntur.

1245 845 1375 907 EX
1417 845 1593 907 LIB.
1645 846 2055 908 LXXXIII.

579 1015 678 1077 Fl.
716 1012 1000 1077 Fimbria
1031 1013 1098 1075 in
1131 1012 1288 1075 Asia
1317 1014 1475 1077 fusis
1505 1015 2043 1113 proelio-aliquod
2070 1016 2408 1097 praefectis
2446 1018 2704 1081 Mithri-

578 1116 746 1180 datis
791 1118 1011 1178 urbem
1037 1115 1426 1197 Pergamum
1457 1116 1627 1198 cepit
1658 1119 2113 1199 obsessumque
2142 1138 2356 1199 regem
2387 1140 2521 1181 non
2542 1121 2708 1183 mul·
2740 1135 2769 1182 5

579 1230 720 1281 tum
765 1217 929 1281 afuit
973 1217 1131 1300 quin
1175 1227 1448 1299 caperet.
1519 1220 1747 1280 urbem
1793 1219 2028 1294 Ilium,
2087 1240 2250 1301 quae
2293 1241 2360 1281 se
2404 1222 2708 1303 potestati

578 1320 794 1403 Syllae
833 1321 1235 1395 reseruabat,
1301 1320 1704 1402 expugnauit
1748 1342 1819 1383 ac
1851 1317 2091 1382 deleuit
2136 1331 2200 1382 et
2228 1342 2530 1403 magnam
2559 1343 2701 1404 par-

574 1432 708 1484 tem
736 1420 929 1484 Asiae
958 1420 1216 1503 recepit.
1269 1420 1448 1503 Sylla
1475 1421 1913 1504 compluribus
1942 1419 2198 1502 proeliis
2228 1422 2507 1485 Thracas
2547 1424 2705 1485 ceci-

576 1523 692 1587 dit.
742 1545 893 1586 cum
924 1524 1000 1586 L.
1037 1521 1249 1586 Cinna
1278 1533 1344 1585 et
1372 1524 1495 1585 Cn.
1534 1522 1833 1605 Papirius
1857 1523 2087 1597 Carb0‚
2124 1544 2162 1583 a
2192 1544 2258 1584 se
2286 1522 2443 1605 ipsis
2474 1528 2701 1587 consu·

574 1625 668 1688 les
707 1647 822 1708 per
865 1623 1204 1686 biennium
1244 1624 1478 1700 creati,
1523 1625 1772 1686 bellum
1816 1633 2037 1686 contra
2078 1624 2325 1706 Syllam
2364 1646 2697 1707 praepara·
2734 1639 2796 1688 10

573 1737 748 1803 rent,
797 1727 1096 1789 effectum
1125 1737 1223 1789 est
1252 1746 1366 1808 per
1397 1725 1473 1787 L.
1511 1724 1844 1790 Valerium
1875 1724 2179 1788 Flaccum
2208 1726 2566 1809 principem
2598 1750 2692 1790 se·

571 1838 787 1903 natuS‚
825 1827 936 1910 qui
967 1827 1317 1890 orationem
1347 1826 1416 1887 in
1447 1837 1677 1889 senatu
1704 1825 1970 1902 habuit,
2004 1837 2068 1890 et
2110 1850 2222 1909 per
2264 1849 2369 1890 eos
2409 1829 2521 1911 qui
2552 1851 2699 1891 con-

572 1929 822 1993 cordiae
866 1930 1209 1991 studebant
1249 1937 1324 1990 ut
1351 1927 1551 2009 legati
1581 1930 1662 1990 ad
1688 1928 1940 2015 Syllam
1970 1930 2047 1990 de
2077 1951 2232 2012 pace
2261 1930 2691 1993 mitterentur.

571 2031 781 2095 Cinna
813 2031 891 2093 ab
924 2029 1209 2092 exercitu
1240 2050 1355 2089 suo
1376 2076 1396 2103 ,
1445 2049 1637 2109 quem
1676 2030 1963 2091 inuitum
2008 2032 2274 2113 cogebat
2310 2054 2511 2095 naues
2543 2055 2691 2096 con-

572 2134 870 2204 scendere
922 2142 986 2194 et
1037 2132 1344 2194 aduersus
1407 2129 1655 2212 Syllam
1718 2130 2069 2213 proficisci,
2134 2132 2511 2197 interfectus
2566 2145 2683 2198 est.
2725 2148 2788 2197 15

569 2235 978 2296 consulatum
1008 2234 1214 2297 Carbo
1245 2232 1418 2295 solus
1463 2232 1685 2313 gessit.
1738 2232 1917 2315 Sylla
1960 2255 2107 2295 cum
2150 2233 2222 2295 in
2251 2234 2473 2297 Asiam
2504 2235 2690 2299 traie-

570 2336 784 2413 cisset,
818 2358 1040 2420 pacem
1069 2356 1217 2397 cum
1247 2322 1629 2395 Mithridate
1659 2334 1809 2397 fecit
1852 2333 1945 2395 ita
1988 2324 2067 2395 ut
2112 2334 2213 2398 his
2255 2337 2504 2399 cederet
2546 2359 2688 2420 prof

568 2439 802 2502 uinciis
819 2488 839 2516 ,
896 2437 1055 2500 Asia
1096 2425 1410 2519 Bithynia
1455 2435 1884 2519 Cappadocia.
1962 2436 2249 2500 Fimbria
2288 2439 2577 2501 desertus
2609 2440 2688 2500 ab

567 2541 852 2604 exercitu
869 2589 896 2616 ,
925 2539 1036 2622 qui
1067 2541 1148 2602 ad
1180 2538 1427 2621 Syllam
1457 2535 1832 2614 transierat,
1879 2537 2018 2620 ipse
2048 2561 2114 2602 se
2144 2539 2459 2621 percussit
2488 2539 2686 2622 impe-

565 2642 886 2725 trauitque
911 2643 988 2704 de
1013 2661 1198 2704 seruo
1222 2660 1360 2714 su0,
1387 2639 1697 2721 praebens
1721 2639 2056 2716 ceruicem,
2085 2649 2159 2702 ut
2182 2662 2248 2702 se
2271 2639 2678 2703 interficeret.
2719 2652 2786 2702 20

1213 2875 1339 2936 EX
1384 2840 1559 2936 LIB.
1614 2873 2061 2936 LXXXIIII.

561 3045 742 3128 Sylla
769 3043 1032 3128 legatis,
1081 3043 1192 3126 qui
1222 3067 1260 3106 a
1289 3054 1517 3108 senatu
1547 3043 1731 3107 missi
1776 3053 1958 3106 erant
1974 3090 1995 3120 ,
2043 3043 2334 3106 futurum
2376 3065 2443 3106 se
2474 3043 2542 3106 in
2573 3065 2684 3127 po-

556 3157 789 3211 testate
819 3129 1080 3210 Senatus
1111 3135 1462 3229 respondit,
1501 3145 1558 3208 si
1586 3145 1785 3222 ciues,
1822 3144 1935 3228 qui
1962 3143 2135 3226 pulsi
2166 3167 2202 3206 a
2233 3145 2447 3208 Cinna
2490 3147 2571 3208 ad
2616 3167 2683 3207 se

556 3250 980 3332 confugerant
998 3297 1017 3324 ‚
1075 3249 1608 3311 restituerentur.-
1649 3269 1811 3329 quae
1859 3245 2148 3309 condicio
2194 3267 2342 3308 cum
2384 3248 2557 3311 iusta
2581 3270 2681 3336 ‘se-

552 3349 739 3412 natui
769 3349 1129 3424 uideretur,
1164 3371 1277 3431 per
1307 3350 1667 3412 Carbonem
1696 3347 2165 3430 factionemque
2196 3347 2333 3411 ei-us
2350 3396 2371 3426 ,
2408 3350 2513 3412 cui
2542 3349 2675 3412 bel·
2710 3360 2779 3411 25

551 3450 690 3512 lum
731 3449 1076 3512 uidebatur
1119 3450 1382 3525 utilius,
1438 3472 1520 3512 ne
1566 3449 1941 3512 conueniret
1982 3451 2275 3512 effectum
2321 3461 2437 3514 est.
2509 3451 2682 3515 idem

552 3552 758 3614 Carbo
801 3572 949 3613 cum
996 3553 1075 3614 ab
1121 3551 1418 3614 omnibus
1454 3551 1685 3615 Italiae
1718 3551 1969 3634 oppidis
2001 3551 2395 3634 coloniisque
2426 3553 2677 3616 obsides
2724 3569 2739 3582 '

551 3808 574 3856 1
599 3803 1044 3874 incursionesque
1083 3819 1147 3864 ςν
1173 3801 1190 3872 il
1217 3805 1248 3854 4
1285 3819 1331 3853 c.
1360 3801 1571 3855 fimbria
1612 3820 1676 3864 ςν
1695 3842 1708 3866 ,
1748 3801 1787 3854 l.
1816 3801 2026 3855 fimbria
2043 3819 2080 3870 9
2108 3802 2125 3872 [ἱ
2150 3803 2356 3872 proelio
2382 3821 2465 3855 om
2490 3820 2521 3854 r
2546 3802 2564 3872 ss
2592 3819 2679 3855 co-

544 3881 650 3950 piis
674 3898 705 3933 r
731 3881 748 3950 u
777 3885 806 3932 5
833 3897 944 3932 non
969 3879 1144 3931 abfuit
1167 3877 1398 3930 multum
1436 3896 1467 3929 r
1493 3879 1509 3948 ΙΙ
1540 3883 1569 3931 6
1595 3878 1738 3931 Ilion
1764 3897 1794 3930 r
1820 3882 1836 3948 ΙΙ
1866 3883 1895 3931 8
1922 3897 2044 3933 cum
2069 3881 2316 3950 pluribus
2340 3893 2451 3945 Νς,
2490 3881 2678 3934 multis

543 3974 576 4009 r
601 3957 618 4026 ΙΙ
650 3958 711 4007 10
736 3962 988 4026 pararent
1009 3973 1040 4008 r
1066 3955 1084 4023 Η
1115 3958 1174 4032 15
1199 3953 1556 4023 interemptus
1581 3973 1611 4006 r
1638 3955 1654 4023 ss
1687 3957 1748 4006 16
1785 3955 1918 4006 Asia
1950 3975 1981 4008 r
2007 3959 2025 4026 ss
2056 3962 2115 4008 17
2152 3956 2199 4009 is
2241 3977 2275 4019 ς
2300 3958 2317 4027 ΙΙ
2348 3960 2411 4010 20
2448 3973 2480 4008 a
2515 3973 2673 4009 seruo

546 4053 611 4097 ςν
637 4036 654 4104 ΙΙ
681 4043 744 4086 ut
779 4051 902 4088 eum
939 4034 1208 4086 occideret
1245 4051 1306 4096 ς,
1345 4039 1410 4084 ut
1444 4051 1569 4086 eum
1607 4032 1827 4084 omnino
1865 4033 2191 4086 interficeret
2226 4051 2257 4086 r
2283 4034 2299 4103 ΙΙ
2328 4038 2386 4086 21
2434 4047 2511 4087 Ex
2548 4045 2668 4086 LIB.

540 4100 844 4162 LxxxviIII
868 4121 918 4161 N
939 4110 957 4180 ΙΙ
986 4113 1050 4161 23
1077 4109 1170 4178 qui
1193 4127 1226 4161 a
1252 4108 1426 4162 Cinna
1448 4105 1593 4178 pulsi
1626 4126 1659 4160 r
1684 4108 1700 4177 ΙΙ
1729 4111 1792 4160 27
1832 4110 2045 4179 oppidis
2084 4110 2266 4163 italiae
2308 4131 2373 4174 ςν
2412 4113 2429 4182 ΙΙ
2468 4111 2669 4164 coloni-

540 4187 693 4255 isque
719 4205 801 4238 om
827 4187 900 4254 ⁷⁴.ss
