3052 4823
908 1659 914 1668 .
967 1591 1532 1708 ,THEODORi
1573 1562 2201 1662 'MoMMsENn

1141 1813 1146 1819 -
1267 1835 1273 1840 .
1360 1739 1828 1840 EPI'STVLA.

523 1998 716 2065 Quod
763 2018 836 2059 ea
872 1980 1176 2078 ‘quaeue
1229 1997 1673 2059 Romanorum
1716 1993 2024 2081 prodigiis
2067 1990 2297 2059 notatu
2339 1996 2534 2079 digna
2566 1996 2679 2058 in-·

457 2183 464 2189 -
524 2102 813 2166 uenerim
857 2113 1070 2164 tecum
1127 2097 1586 2173 communicari
1646 2103 1826 2186 cupis
1844 2151 1863 2179 ,
1930 2102 2227 2186 equidem
2282 2102 2489 2170 libens
2547 2102 2668 2164 tibi

525 2207 938 2272 satisfaciam.
1003 2228 1394 2290 quamquam
1437 2209 1615 2274 enim
1663 2209 1754 2272 eis
1786 2209 1899 2292 qui
1927 2209 1999 2270 in
2030 2209 2199 2270 hanc
2242 2231 2376 2271 rem
2403 2230 2665 2285 accura-

525 2315 654 2378 tius
705 2313 1188 2398 inquisiuerunt
1229 2313 1346 2376 uix
1383 2315 1550 2389 ‘noui
1603 2312 1948 2398 quicquam
1992 2336 2031 2376 a
2069 2333 2175 2376 me
2220 2315 2559 2398 prolatum.
2588 2313 2670 2388 iri
2732 2333 2741 2340 ·

523 2401 924 2511 putauerim,
962 2420 1181 2485 tamen
1213 2422 1293 2483 ad
1323 2423 1440 2487 has
1471 2424 1712 2486 laceras
1741 2421 1965 2505 magni
1996 2417 2502 2500 Liuianioperis
2524 2416 2670 2479 reli-

527 2528 710 2611 quias
738 2516 1374 2613 recte-aestimandas
1417 2540 1483 2591 et
1524 2529 1595 2590 in
1637 2551 1829 2591 usum
1871 2529 2213 2611 uertendas
2243 2526 2421 2600 haud
2449 2510 2671 2606 inepte

527 2634 634 2697 hic
663 2633 1077 2717 potissimum
1105 2634 1473 2697 monebitur
1494 2624 1530 2710 ,’
1566 2656 1642 2697 ea
1672 2634 1996 2719 prodigia,
2045 2656 2213 2715 quae
2248 2630 2513 2715 publice
2540 2630 2671 2693 Ro-

527 2761 702 2802 mam
729 2737 1020 2801 nuntiari
1051 2748 1123 2799 et·
1144 2759 1256 2819 per
1299 2741 1655 2823 sacerdotes
1684 2739 2035 2801 'Romanos
2080 2737 2325 2820 expiari
2368 2737 2463 2799 fas
2508 2744 2666 2827 erat,

529 2845 598 2907 in
623 2866 775 2927 agro
789 2841 1048 2927 publico
1075 2843 1410 2907 obseruata
1432 2844 1631 2922 fuisse
1654 2827 1863 2927 neque
1886 2844 2086 2907 ullam
2104 2843 2299 2921 aliam
2314 2846 2394 2908 ob
2413 2865 2675 2907 causam

527 2950 786 3035 publice
832 2932 1171 3033 procurata
1220 2972 1396 3025 esse,
1459 2950 1587 3014 nisi
1624 2936 1819 3033 ‘quod
1859 2950 1952 3013 rei
2004 2950 2301 3033 pub‘lioae
2351 2950 2490 3013 eius
2536 2949 2676 3032 agri
2697 2935 2709 2966 ²

286 3060 294 3068 ’
369 3123 380 3137 ,
463 3118 466 3123 ,
533 3080 726 3141 quem
753 3045 1121 3140 possidebat
1153 3046 1456 3139 expiandi
1487 3042 2456 3134 officiumiincumbebatjhaud
2488 3077 2685 3153 secus-

537 3176 728 3248 atque
757 3163 999 3246 priuati
1029 3163 1312 3246 portenti
1355 3164 1873 3246 procurationem
1918 3163 2131 3246 quiuis
2173 3162 2464 3245 priuatus
2508 3162 2579 3224 in
2611 3182 2679 3223 se

538 3270 858 3352 suscipere
889 3254 1184 3332 debebat·
1207 3268 1384 3350 (Liu.
1421 3291 1504 3345 v,
1545 3272 1674 3351 15).
1735 3269 1895 3331 haec
1939 3269 2033 3332 ita
2079 3292 2216 3333 esse
2260 3269 2439 3332 Liuii
2481 3270 2675 3331 uerba

511 3384 754 3466 ‚aperte
785 3364 1228 3438 demonstrant
1259 3375 1592 3455 (xxxxm,
1618 3377 1722 3459 13)
1758 3376 1881 3437 duo
1910 3396 2034 3437 non
2064 3385 2352 3458 suscepta
2367 3370 2680 3459 prodiqia

538 3490 708 3557 sunt,
735 3482 1040 3556 alterum,
1079 3480 1251 3563 quod
1275 3476 1343 3541 in
1373 3479 1506 3543 loco
1523 3479 1792 3563 priuato
1816 3464 2080 3564 sactum
2098 3490 2258 3545 esset
2288 3520 2362 3528 —
2383 3482 2681 3565 palmam

543 3595 796 3659 enatam
823 3584 1130 3668 impluuio
1155 3580 1267 3651 suo
1307 3574 1383 3649 T.
1403 3584 1701 3647 Marcius
1730 3585 2005 3670 Fiqulus
2033 3587 2371 3651 nuntiabat
2384 3572 2497 3665 —J
2531 3587 2700 3650 alte--

407 3732 414 3739 -
473 3730 476 3735 -
538 3714 707 3769 rum,
741 3693 915 3775 quod
940 3691 1008 3754 in
1038 3691 1170 3754 loco
1185 3684 1574 3775 pereqrino-L-
1611 3691 1927 3775 Freqellis
1958 3692 2025 3756 in
2045 3694 2227 3757 domo
2240 3694 2327 3756 La
2346 3693 2543 3757 Atrei
2568 3694 2682 3757 ka·
2748 3750 2754 3756 .
2862 3734 2869 3739 -

539 3809 640 3863 sta
671 3797 906 3876 arsisse
942 3797 1270 3861 dicebatur
1287 3822 1306 3873 3
1330 3819 1502 3890 ‚cum
1534 3800 1758 3860 eodem
1790 3808 2073 3882 tempore
2101 3799 2361 3882 publica
2390 3800 2686 3888 prodigia

539 3914 879 3989 procurata
909 3927 1044 3968 esse
1075 3915 1314 3967 narret.
1349 3903 1504 3987 quid
1539 3907 1710 3987 quod
1743 3904 2211 3968 Constantinus
2241 3904 2591 3990 imperator
2623 3929 2682 3969 a.
2782 3890 2791 3897 ⁵

542 4031 801 4099 cccxxrr
834 4011 1011 4075 hunc
1042 4012 1112 4075 in
1142 4012 1407 4076 modum
1428 4010 1756 4093 rescripsit
1789 4013 1959 4093 (eod.
1990 4011 2416 4089 T-heod..xv1,
2452 4020 2551 4091 10,
2584 4018 2680 4095 1):

542 4118 612 4180 si·
630 4117 792 4202 quid
818 4119 895 4189 de
919 4118 1168 4201 palatio
1200 4128 1415 4183 nostro
1447 4122 1565 4183 aut
1594 4117 1817 4204 ceteris
1838 4117 2158 4219 operibus·
2177 4118 2464 4203 publicis
2499 4122 2715 4204 demi--
