3052 4823
1040 340 1103 383 T.
1140 339 1282 383 1.1v1
1313 339 1810 382 xnvr—xnvm.
1898 333 1903 338 ·
2226 309 2231 314 ’
2294 343 2301 350 ·
2416 323 2499 384 49

369 512 565 554 causa
591 488 743 566 fuit,
780 491 950 572 quod
967 488 1222 573 Illyrios
1253 489 1456 553 socios
1485 487 1713 571 populi
1742 487 2024 551 Romani
2047 499 2461 554 uastauerant
2472 516 2492 567 3

370 595 768 674 eandemque
797 601 1058 675 gentem
1088 590 1422 654 Cornelius
1453 590 1694 654 Nasica
1724 582 1871 654 coss
1892 589 2164 654 domuit.
2217 592 2299 659 Q.
2326 592 2496 675 'Opi-

369 695 540 758 mius
571 716 701 757 cos,
740 693 1170 775 transalpinos
1216 692 1518 775 Ligures,
1558 692 1670 774 qui
1714 690 2241 756 Massiliensium.
2264 693 2500 775 oppida

371 795 735 879 Antipolim
765 805 831 858 et
859 794 1172 858 Nicaeam
1201 795 1584 870 uastabant,
1617 793 1896 877 subegit.
1944 804 2270 876 praeterea
2298 816 2397 862 res
2427 794 2499 856 in

306 911 336 960 5
368 897 696 981 Hispania
738 919 777 958 a
819 896 1231 979 conpluribus
1283 917 1513 978 parum
1565 916 1862 977 prospere
1921 905 2134 980 gestas
2182 894 2510 965 continet„

367 999 661 1064 consules
704 1019 874 1062 anno
920 996 1436 1082 quingentesimo
1487 997 1903 1080 nonagesimo
1944 1006 2173 1059 octauo
2221 997 2301 1058 ab
2342 997 2499 1060 urbe

369 1100 631 1163 condita
671 1099 1121 1182 magistratum
1155 1139 1209 1166 u
1239 1097 1403 1160 inire
1446 1108 1817 1181 coeperunt.
1895 1098 2192 1161 mutandi
2236 1097 2497 1161 comitia

370 1225 566 1266 causa
595 1201 721 1264 fuit
740 1249 760 1277 ,
808 1203 980 1283 quod
1012 1200 1298 1284 Hispani
1327 1199 1743 1264 rebellabant.
1793 1200 1993 1284 legati
2021 1202 2103 1264 ad
2134 1199 2494 1282 disceptan-

368 1306 528 1368 dum
557 1304 726 1366 inter
757 1301 1323 1385 Carthaginienses
1369 1310 1434 1364 et
1473 1301 1888 1384 Masinissam
1930 1302 2110 1366 missi
2148 1303 2494 1368 nuntiaue-

272 1418 336 1470 10
365 1417 555 1482 runt,
604 1403 743 1467 uim
787 1403 1039 1467 naualis
1083 1403 1387 1467 materiae
1433 1425 1500 1466 se
1548 1403 1941 1486 Carthagine
1972 1404 2487 1485 deprehendisse.

367 1507 630 1590 aliquod
681 1516 1000 1588 praetores
1047 1527 1086 1568 a
1138 1505 1488 1588 prouinciis
1542 1504 1850 1568 auaritiae
1898 1504 2161 1571 nomine
2214 1504 2496 1567 accusati

367 1607 660 1672 damnati
689 1618 862 1672 sunt.

1070 1845 1198 1907 EX
1241 1845 1416 1906 LIB.
1468 1843 1798 1908 XLVIII.

368 2013 680 2075 Lustrum
737 2034 774 2074 a
815 2013 1181 2076 censoribus
1227 2013 1562 2077 conditum
1608 2023 1723 2077 est.
1804 2035 1994 2077 censa
2048 2022 2203 2077 sunt
2244 2012 2490 2076 ciuium
2567 2013 2577 2017 ’

265 2127 331 2176 15
363 2113 579 2197 capita
607 2134 948 2177 cccxxnu.
987 2115 1232 2178 semina
1262 2116 1437 2179 tertii
1463 2116 1622 2179 belli
1653 2115 1890 2179 Punici
1919 2116 2305 2179 referuntur.
2342 2137 2491 2178 cum

363 2217 436 2278 in
463 2215 704 2278 finibus
741 2216 1379 2300 Carthaginiensium
1422 2216 1653 2300 ingens
1697 2216 2130 2280 Numidarum
2172 2217 2489 2280 exercitus

363 2319 528 2380 duce
557 2317 998 2380 Arcobarzane
1032 2319 1343 2402 Syphacis
1374 2331 1609 2402 nepote
1642 2319 1957 2384 diceretur
1988 2339 2161 2394 esse,
2201 2319 2295 2380 M.
2334 2320 2488 2380 Por-

361 2419 500 2483 cius
533 2422 696 2484 Cato
727 2422 930 2485 suasit
959 2431 1032 2484 ut
1074 2421 1753 2504 CarthaginiensibuS‚
1811 2420 1925 2503 qui
1968 2419 2319 2481 exercitum
2348 2440 2488 2501 spe-

362 2515 460 2585 cie
492 2534 718 2587 contra
749 2524 1183 2600 Masinissam,
1218 2547 1286 2587 re
1318 2546 1470 2586 uera
1497 2522 1719 2586 contra
1748 2524 2076 2585 Romanos
2108 2520 2387 2582 accitum
2420 2520 2487 2582 in

259 2638 330 2687 20
359 2624 604 2688 finibus
648 2626 959 2689 haberent
976 2674 996 2702 ,
1044 2628 1289 2689 bellum
1345 2625 1754 2689 indiceretur.
1833 2632 2054 2685 contra
2105 2622 2358 2685 dicente
2404 2624 2481 2685 P.

364 2726 666 2790 Cornelio
716 2716 958 2791 Nasica
1003 2729 1250 2811 placuit
1292 2729 1537 2812 legatos
1591 2727 1768 2791 mitti
1825 2724 2321 2808 Carthaginem,
2379 2723 2490 2806 qui

363 2829 847 2911 specularentur
898 2830 1056 2911 quid
1109 2843 1422 2913 ageretur.
1502 2829 1817 2914 castigato
1870 2814 2099 2892 senatu
2150 2825 2486 2909 Carthagi-

363 2930 690 2993 niensium
708 2977 728 3005 ,
773 2933 946 3013 quod
976 2942 1200 2995 contra
1228 2932 1451 2996 foedus
1483 2942 1548 2995 et
1578 2932 1933 2996 exercitum
1964 2940 2028 2992 et
2057 2928 2322 2992 nauales
2352 2950 2487 2990 ma-

363 3031 550 3094 terias
581 3032 929 3109 haberent,
975 3056 1201 3117 pacem
1241 3034 1410 3097 inter
1451 3056 1559 3097 eos
1601 3044 1665 3096 et
1695 3031 2110 3103 Masinissam
2138 3031 2343 3091 facere
2374 3052 2485 3092 uo-

261 3146 328 3195 25
358 3134 653 3211 luerunt,
702 3134 1048 3199 Masinissa
1087 3158 1239 3219 agro
1269 3137 1347 3198 de
1379 3157 1504 3218 quo
1534 3134 1614 3198 lis
1645 3144 1779 3197 erat
1810 3134 2097 3195 cedente.
2146 3132 2261 3193 sed
2282 3130 2487 3212 Gisgo

360 3235 752 3299 Hamilcaris
782 3236 956 3300 filius
981 3285 1002 3313 ,
1036 3237 1230 3301 homo
1262 3237 1639 3313 seditiosus,
1691 3235 1804 3318 qui
1834 3244 1975 3296 tum
2003 3233 2075 3295 in
2103 3232 2486 3314 magistratu

364 3475 385 3524 1
416 3472 594 3542 illyrio
631 3485 706 3537 Ν’,
749 3474 997 3545 Illyricos
1029 3493 1065 3527 r
1104 3476 1122 3546 ΙΙ
1161 3493 1250 3546 po,
1288 3493 1368 3529 ro.
1410 3474 1586 3528 socios
1628 3491 1694 3536 gr
1719 3474 1737 3544 [Ι
1764 3478 2075 3526 uastauerat
2113 3490 2144 3524 r
2170 3473 2187 3541 Η
2213 3474 2241 3523 3
2280 3470 2485 3541 liguras

354 3561 404 3601 Ν
424 3550 442 3619 ΙΙ
468 3548 667 3618 oppida
688 3550 985 3603 Frobem‘us
1001 3572 1020 3602 .·
1049 3552 1308 3622 oppidum
1333 3563 1446 3614 Νςν
1472 3550 1489 3620 ss
1517 3556 1549 3603 4
1573 3569 1658 3604 res
1672 3556 1802 3619 post
1811 3566 2061 3619 prospere
2076 3554 2291 3618 ponunt
2315 3565 2381 3611 ςν
2405 3548 2423 3617 ΙΙ
2453 3553 2479 3600 ’ἲ

357 3625 729 3693 magistratum
766 3626 998 3695 peractis
1037 3628 1268 3680 comitiis
1305 3627 1752 3696 insequentisque
1789 3628 1918 3678 anni
1953 3627 2267 3679 consulibus
2293 3626 2485 3678 creatis

359 3701 494 3753 inire
517 3700 847 3753 Dodwellizoe
864 3741 878 3766 ,
910 3702 1286 3772 magistratum
1311 3702 1440 3755 Kal.
1470 3701 1590 3755 Ian.
1617 3702 1756 3755 inire
1771 3702 2245 3754 Drakenborchius
2272 3700 2289 3769 ΙΙ
2317 3703 2347 3751 8
2372 3700 2485 3752 bel-

361 3779 546 3832 labant
567 3792 619 3832 N
639 3780 656 3848 ΙΙ
699 3783 730 3832 9
768 3780 1104 3835 masinissam
1131 3788 1186 3831 et
1219 3778 1660 3849 carthaginenses
1700 3796 1766 3841 ςν
1792 3779 1808 3846 ll
1834 3776 2287 3829 renuntiauerunt
2313 3795 2347 3836 ς
2372 3776 2389 3845 Ι]
2421 3779 2491 3847 12ἱ

355 3866 412 3910 et
443 3857 686 3910 damnati
708 3876 739 3909 r
765 3859 782 3926 ΙΙ
816 3862 876 3911 15
903 3858 1034 3912 belli
1071 3857 1220 3911 tertii
1259 3874 1325 3921 ςν
1350 3858 1369 3928 ΙΙ
1401 3862 1464 3909 16
1489 3857 1757 3909 maximus
1796 3873 1827 3907 r
1852 3855 1869 3924 ΙΙ
1910 3858 1969 3906 17
1998 3852 2342 3905 ariobarzane
2380 3872 2414 3914 ς
2439 3852 2456 3922 ΙΙ

353 3934 766 3988 Archobarzane
791 3935 929 3988 duce
954 3953 986 3987 r
1009 3935 1028 4004 ΙΙ
1060 3938 1120 3987 18
1147 3934 1240 4003 qui
1267 3933 1564 3986 exercitum
1597 3944 1710 4000 Nyr
1727 3952 1745 3982 .-
1781 3948 1902 3983 cum
1940 3927 2340 3981 ariobarzanem
2380 3947 2414 3988 ς
2440 3928 2457 3997 ΙΙ

357 4014 418 4062 19
453 4010 801 4064 Masinissam
840 4030 896 4066 re
936 4029 1066 4065 uera
1101 4012 1296 4081 scripsi
1308 4030 1326 4061 .·
1365 4011 1704 4063 masinissam
1758 4025 1942 4077 regem
1978 4018 2061 4067 Νς
2078 4044 2091 4069 ,
2135 4004 2481 4057 Masinissam

351 4105 534 4158 regem
559 4089 656 4141 sed
679 4107 737 4142 re
763 4108 894 4144 uera
927 4108 958 4143 r
984 4092 1001 4162 ss
1030 4094 1089 4143 21
1138 4090 1335 4160 quibus
1369 4100 1449 4155 Ny
1477 4087 1494 4157 ΙΙ
1521 4089 1585 4139 23
1614 4084 1805 4137 foedus
1831 4082 2125 4135 exercitum
2151 4099 2182 4133 r
2207 4082 2225 4153 fl
2253 4085 2317 4133 24
2341 4081 2481 4135 inter

349 4164 696 4219 Masinissam
721 4174 774 4220 et
805 4185 896 4221 eos
921 4186 952 4219 r
977 4169 995 4238 ss
1021 4171 1086 4221 26
1113 4185 1234 4220 cum
1259 4178 1307 4218 Ν
1328 4167 1346 4237 l}

432 4263 643 4303 len's,
2111 4254 2146 4307 4
