3052 4823
600 343 682 405 30
1475 361 1858 406 anocffls

600 513 922 595 suscipere
940 559 960 588 ,
1007 513 1085 574 P.
1125 510 1376 594 Scipio,
1423 514 1500 576 P.
1537 511 1713 574 filius
1745 509 1883 574 eius
1901 558 1921 586 ‚
1969 509 2081 593 qui
2109 509 2180 572 in
2210 511 2540 594 Hispania
2557 511 2729 594 ‘ceci-

600 616 815 690 derat,
848 614 1170 695 professus
1201 623 1300 676 est
1331 635 1398 676 se
1429 613 1675 676 iturum
1694 660 1714 688 ,
1762 622 1829 675 et
1859 611 2160 694 suffragio
2202 612 2431 694 populi
2460 635 2727 678 consen-

601 737 804 798 suque
868 714 1158 778 omnium
1199 713 1434 777 missus
1492 716 1559 777 N
1562 736 1755 776 ouam
1798 713 2257 796 Carthaginem
2298 714 2725 796 expugnauit,

601 839 750 880 cum
779 817 1045 879 haberet
1075 837 1277 878 annos
1321 835 1533 879 xxnn
1580 815 2031 897 uidereturque
2062 814 2291 877 diuina
2326 815 2526 898 stirpe
2556 839 2727 879 crea-

601 929 706 982 tus
726 967 745 994 ,
793 918 945 1002 quia
987 927 1051 978 et
1092 915 1229 1000 ipse
1256 927 1602 1000 postquam
1632 927 1850 1000 togam
1880 927 2211 999 acceperat
2242 915 2476 980 cotidie
2506 917 2577 979 in
2606 918 2729 981 Ca·
2762 931 2795 979 5

600 1020 826 1102 pitolio
870 1029 1006 1083 erat
1023 1067 1042 1094 ,
1093 1029 1160 1082 et
1202 1018 1273 1080 in
1303 1018 1600 1082 cubiculo
1630 1018 1853 1082 matris
1885 1018 2023 1082 eius
2054 1018 2285 1101 anguis
2328 1039 2517 1100 saepe
2544 1017 2726 1082 uide-

599 1122 813 1184 batur.
862 1143 962 1184 res
992 1131 1321 1203 practerea
1347 1131 1564 1204 gestas
1591 1121 1662 1182 in
1694 1119 1917 1184 Sicilia
1946 1121 2235 1184 continet
2278 1130 2344 1183 et
2374 1119 2729 1184 amicitiam

601 1244 752 1286 cum
779 1222 1030 1286 Aetolis
1058 1222 1350 1285 iunctam
1390 1223 1765 1305 beHumque
1806 1233 2065 1304 gestum
2109 1223 2416 1286 aduersus
2446 1222 2729 1285 Acarna-

599 1344 716 1387 nas
747 1333 812 1386 et
844 1322 1226 1408 Philippum
1255 1323 1678 1389 Macedoniae
1706 1344 1945 1407 regem.

1311 1595 1440 1658 EX
1484 1595 1661 1657 LIB.
1711 1593 2014 1658 XXVII.
2766 1602 2830 1651 10

600 1800 722 1864 Cn.
761 1797 1032 1862 Fuluius
1063 1818 1310 1880 procos.
1347 1818 1496 1859 cum
1528 1797 1815 1861 exercitu
1846 1800 1925 1861 ab
1950 1797 2326 1860 Hannibale
2357 1798 2439 1859 ad
2470 1798 2725 1859 Herdo-

599 1922 789 1963 neam
818 1921 1038 1965 caesus
1070 1908 1187 1961 est.
1237 1898 1500 1962 meliore
1543 1909 1784 1962 euentu
1824 1900 1904 1962 ab
1947 1899 2220 1962 Claudio
2252 1897 2560 1960 Marcello
2590 1919 2719 1960 cos.

601 2003 908 2064 aduersus
961 2000 1237 2061 eundem
1290 2001 1370 2062 ad
1425 1999 1917 2063 Numistronem
1971 2011 2335 2084 pugnatum
2378 2009 2495 2062 est.
2573 1998 2727 2061 inde

602 2100 946 2165 Hannibal
983 2110 1173 2164 nocte
1218 2101 1502 2164 recessit.
1563 2102 1912 2164 Marcellus
1955 2101 2285 2166 insecutus
2329 2111 2426 2164 est
2465 2108 2531 2162 et
2576 2100 2725 2162 sub-

597 2204 749 2266 inde
801 2204 1136 2265 cedentem
1185 2202 1417 2285 pressit
1435 2250 1455 2279 ,
1519 2204 1721 2266 donec
1774 2203 2165 2286 confligeret.
2244 2202 2455 2286 priore
2504 2221 2729 2284 pugna
2761 2213 2825 2262 15

600 2304 941 2368 Hannibal
983 2303 1268 2385 superior
1285 2352 1304 2380 ,
1357 2304 1707 2368 Marcellus
1742 2304 2057 2387 sequenti.
2110 2304 2349 2368 Fabius
2393 2302 2725 2368 Maximus

599 2429 728 2470 cos.
782 2416 966 2489 pater
1023 2405 1408 2470 Tarentinos
1461 2428 1575 2491 per
1617 2404 2048 2488 proditionem
2089 2406 2351 2491 recepit.
2412 2403 2725 2497 Claudius

599 2508 947 2571 Marcellus
979 2509 1055 2570 T.
1088 2508 1400 2576 Quintius
1429 2508 1768 2591 Crispinus
1796 2531 1925 2573 cos.
1944 2509 2321 2592 speculandi
2358 2530 2553 2571 causa
2580 2529 2725 2590 pro-
2778 2571 2795 2581 ,

597 2609 801 2693 gressi
845 2631 880 2672 e
925 2610 1148 2672 castris
1200 2609 1451 2673 insidiis
1504 2610 1584 2672 ab
1638 2610 2014 2673 Hannibale
2066 2609 2491 2673 circumuenti
2543 2619 2721 2672 sunt.

599 2710 946 2774 Marcellus
991 2710 1236 2773 occisus
1255 2758 1275 2786 ‚
1323 2709 1661 2791 Crispinus
1705 2711 1895 2794 fugit.
1958 2712 2238 2775 lustrum
2279 2734 2318 2773 a
2357 2710 2727 2806 censoribus
2759 2723 2827 2771 2ο

599 2812 932 2876 conditum
963 2822 1080 2874 est.
1148 2833 1342 2874 censa
1380 2822 1534 2874 sunt
1574 2811 1819 2875 ciuium
1849 2813 2063 2896 capita
2091 2834 2372 2877 cxxxvn
2407 2833 2609 2887 CVI113
2646 2834 2728 2875 ex
2818 2858 2829 2865 -

599 2936 725 2997 quo
777 2934 1047 2975 numero
1101 2913 1402 2996 apparuit
1443 2924 1761 2997 quantum
1813 2914 2155 2978 hominum
2198 2924 2294 2977 tot
2334 2913 2727 2999 proeliorum

599 3016 869 3079 aduersa
897 3016 1156 3078 fortuna
1197 3016 1440 3099 populo
1482 3017 1781 3078 Romano
1827 3016 2220 3080 abstulisset.
2284 3015 2355 3077 in
2398 3014 2727 3099 Hispania

599 3119 681 3182 ad
708 3119 1060 3182 Baeculam
1093 3116 1308 3200 Scipio
1340 3140 1489 3182 cum
1519 3118 1931 3183 Hasdrubale
1974 3128 2039 3181 et
2080 3113 2458 3181 Hamilcare
2502 3115 2726 3179 confii·
2764 3110 2767 3115 ’

597 3219 696 3282 xit
739 3230 804 3283 et
846 3219 1029 3282 uicit.
1105 3217 1278 3281 inter
1322 3219 1450 3283 alia
1501 3230 1766 3302 captum
1808 3220 2091 3303 regalem
2132 3240 2407 3301 puerum
2450 3217 2725 3281 eximiae
2759 3230 2824 3279 25

598 3320 836 3383 formae
868 3322 950 3383 ad
981 3322 1382 3383 auunculum
1412 3320 1833 3387 Masinissam
1862 3343 2010 3383 cum
2040 3320 2225 3385 donis
2250 3319 2519 3385 dimisit.
2550 3322 2723 3382 Has-

601 3626 624 3674 1
655 3622 770 3677 eius
797 3643 880 3677 om
905 3644 936 3679 r
961 3628 978 3697 ss
1007 3632 1036 3681 3
1063 3648 1174 3683 uno
1199 3631 1288 3684 die
1314 3634 1654 3705 expugnauit
1678 3652 1709 3687 r
1734 3634 1751 3705 ss
1778 3638 1809 3686 4
1838 3652 1960 3687 cum
1994 3642 2181 3705 ageret
2217 3635 2543 3704 nigesimum
2570 3650 2727 3702 quar-

594 3710 711 3755 tum
736 3720 938 3773 annum
965 3725 998 3759 r
1023 3708 1040 3778 ΙΙ
1069 3713 1098 3759 5
1126 3711 1382 3779 quoniam
1407 3729 1438 3764 r
1463 3713 1480 3782 ῃ
1510 3716 1541 3765 6
1566 3730 1953 3781 saepenumero
1994 3713 2147 3765 uisus
2185 3719 2268 3765 est
2291 3730 2322 3764 r
2348 3713 2365 3782 ΙΙ
2394 3716 2421 3764 7
2461 3712 2520 3764 in
2556 3709 2729 3763 sicilia

595 3789 774 3851 gestas
800 3785 908 3854 3⁷·ss
941 3790 997 3838 11
1041 3788 1112 3840 ad
1151 3788 1500 3842 Herdoneam
1536 3789 1731 3842 Liuius
1771 3793 1829 3844 12
1881 3790 1951 3843 ad
1985 3789 2285 3843 hieroniam
2308 3800 2421 3853 Νς,
2450 3806 2533 3840 om
2556 3804 2588 3839 r
2614 3786 2631 3854 Ι]
2665 3788 2725 3837 12

592 3876 626 3910 a
663 3877 730 3921 ςν
767 3860 785 3929 ss
827 3864 888 3913 13
912 3862 1320 3917 Numistronem
1345 3883 1378 3917 r
1398 3866 1595 3919 Liuius
1618 3870 1648 3919 2
1672 3887 1684 3919 ε
1722 3867 2083 3921 numisionem
2107 3878 2191 3930 Νς
2216 3867 2233 3937 ΙΙ
2266 3871 2328 3919 14
2367 3873 2534 3919 noctu
2556 3883 2589 3917 r
2614 3864 2631 3935 ΙΙ
2663 3866 2722 3916 15

593 3935 766 3990 donec
804 3938 1069 4009 effugeret
1103 3958 1135 3992 r
1159 3941 1178 4010 ΙΙ
1209 3945 1272 3994 16
1309 3943 1554 4013 superior
1576 3942 1685 3995 fuit
1721 3961 1753 3995 r
1776 3944 1795 4013 ΙΙ
1820 3944 2130 4013 insequenti
2165 3962 2197 3996 r
2222 3944 2241 4013 ΙΙ
2272 3947 2332 3997 17
2358 3950 2515 4013 pater
2538 3940 2730 3995 consul

594 4034 662 4079 ςν
687 4017 704 4086 ss
730 4034 826 4088 per
848 4018 1181 4071 deditionem
1217 4021 1426 4091 accepit
1471 4039 1541 4083 ςν
1575 4022 1592 4091 ΙΙ
1635 4024 1697 4074 18
1734 4022 1936 4091 egressi
1974 4040 2005 4075 r
2030 4022 2048 4090 ΙΙ
2076 4025 2141 4075 20
2168 4022 2377 4075 occisus
2412 4021 2520 4073 fuit
2556 4036 2589 4071 r
2614 4019 2631 4089 ΙΙ
2660 4021 2727 4071 24

591 4096 864 4152 Betuliam
887 4113 920 4148 r
945 4098 962 4166 ΙΙ
990 4097 1336 4151 Hasdrubale
1361 4098 1688 4153 Hamilcaris
1714 4101 1815 4152 edd
1834 4104 1950 4153 nott
1973 4101 1990 4170 ΙΙ
2016 4099 2264 4153 conflixit
2302 4099 2469 4152 euicit
2506 4109 2591 4159 Νς
2614 4097 2631 4166 [Ι
2660 4100 2725 4149 25

592 4191 820 4241 puerum
845 4175 1082 4243 regalem
1109 4194 1175 4237 ςν
1201 4176 1217 4244 ΙΙ
1245 4180 1312 4228 26
1350 4176 1499 4229 misit
1525 4195 1618 4240 ςν,
1656 4178 1867 4239 remisit
1906 4198 1941 4240 ς
1966 4180 1983 4249 ΙΙ
