3052 4823
601 350 684 411 66
1475 368 1857 412 PEmoanE

602 516 752 581 dine
783 528 846 579 et
876 516 1108 580 deinde
1137 526 1508 579 necatarum
1540 527 1749 600 strage
1792 516 1988 579 fuisse
2033 516 2328 580 traditur.
2390 518 2671 580 lustrum
2692 540 2729 579 a

601 619 971 683 censoribus
1001 618 1335 681 conditum
1359 629 1476 683 est.
1514 640 1704 681 censa
1728 628 1881 681 sunt
1910 617 2155 681 ciuium
2184 620 2398 703 capita
2428 640 2729 683 cccxcrm

603 740 916 783 Dccxxvr.
984 721 1060 783 C.
1097 720 1427 783 Gracchus
1461 719 1677 782 Tiberi
1700 720 1893 782 frater
1949 720 2097 782 trib.
2134 719 2340 802 plebis
2364 768 2385 796 ,
2435 721 2730 803 eloquen-

605 821 728 884 tior
758 843 951 904 quam
978 821 1194 897 frater,
1227 821 1617 903 perniciosas
1642 822 1904 904 aliquod
1934 822 2107 903 leges
2140 821 2292 883 tulit
2308 869 2327 896 ,
2376 822 2547 883 inter
2576 844 2729 905 quas

605 922 1089 986 frumentariam
1119 932 1193 985 ut
1224 923 1391 985 senis
1435 944 1586 985 cum
1631 923 1861 985 triente
1904 922 2299 985 frumentum
2341 922 2520 1004 plebi
2561 923 2731 985 dare·
2764 935 2791 981 5

605 1036 743 1100 tur;
783 1024 1048 1087 alteram
1077 1023 1285 1106 legem
1315 1024 1655 1106 agrariam,
1706 1046 1899 1106 quam
1940 1035 2007 1087 et
2049 1024 2244 1086 frater
2288 1024 2429 1085 eius
2460 1024 2725 1098 tulerat3

605 1125 884 1201 tertiam,
919 1147 1047 1207 qua
1077 1136 1437 1207 equestrem
1469 1126 1760 1189 ordinem
1804 1134 1960 1187 tunc
2006 1146 2156 1187 cum
2194 1134 2429 1187 senatu
2472 1145 2732 1187 consen·

607 1227 875 1290 tientem
903 1236 1356 1309 corrumperet,
1394 1236 1470 1289 ut
1499 1226 1774 1289 sescenti
1804 1248 1885 1288 ex
1909 1226 2123 1309 equite
2151 1225 2223 1287 in
2253 1226 2502 1288 curiam
2532 1225 2733 1288 suble-

605 1338 909 1411 gerentur
967 1338 1031 1390 et
1049 1375 1069 1403 ,
1131 1327 1282 1409 quia
1332 1328 1461 1390 illis
1515 1327 1909 1410 temporibus
1962 1348 2067 1391 coc
2111 1336 2372 1390 tantum
2418 1337 2736 1390 senatores

607 1439 790 1493 erant
809 1478 828 1505 ,
888 1450 970 1493 nc
1001 1428 1248 1513 equites
1279 1450 1386 1492 ccc
1415 1428 1814 1492 senatoribus
1846 1428 2381 1505 admiscerentur,
2448 1428 2516 1491 id
2546 1438 2640 1491 est
2667 1437 2739 1490 ut
2770 1440 2827 1488 10

607 1543 900 1615 equester
930 1534 1084 1594 ordo
1112 1531 1211 1594 bis
1245 1542 1499 1594 tantum
1528 1530 1768 1593 uirium
1798 1530 1868 1591 in
1899 1539 2129 1592 senatu
2159 1531 2449 1594 haberet.
2496 1543 2561 1594 et
2591 1551 2736 1592 con-

608 1634 859 1697 tinuato
889 1634 960 1695 in
989 1634 1263 1695 alterum
1306 1655 1550 1695 annum
1600 1632 1933 1694 tribunatu
1988 1631 2237 1714 legibus
2280 1632 2549 1715 agrariis
2592 1630 2738 1694 latis

546 1816 550 1820 η
609 1734 817 1797 effecit
856 1744 932 1796 ut
968 1734 1327 1817 complures
1370 1734 1659 1797 coloniae
1690 1733 1761 1795 in
1792 1733 1987 1799 Italia
2016 1734 2488 1799 deducerentur
2516 1743 2582 1796 et
2612 1754 2740 1795 una

609 1835 679 1896 in
709 1835 843 1897 solo
873 1834 1122 1897 dirutae
1154 1834 1590 1919 CarthaginiS,
1628 1856 1754 1918 quo
1784 1834 1921 1917 ipse
1956 1834 2252 1897 triumuir
2280 1845 2537 1898 creatus
2570 1835 2735 1897 colo-

607 1934 788 1998 niam
817 1934 1106 1998 deduxit.
1142 1946 1467 2019 praeterea
1496 1958 1597 1999 res
1628 1957 1667 1997 a
1697 1937 1780 2003 Q.
1811 1937 2077 1998 Metello
2108 1958 2237 1999 cos.
2276 1937 2588 2001 aduersus
2618 1940 2738 1999 Ba·
2771 1947 2830 1996 15

609 2036 809 2099 leares
849 2045 1062 2119 gestas
1107 2036 1396 2099 continet
1413 2084 1432 2112 ,
1468 2058 1627 2119 quos
1672 2036 1906 2100 Graeci
1950 2038 2337 2121 Gymnesios
2379 2038 2735 2122 appellant,

609 2136 762 2219 quia
792 2147 1099 2200 aestatem
1129 2138 1292 2199 nudi
1322 2138 1618 2220 exigunt.
1658 2139 1955 2201 Baleares
1980 2161 2019 2201 a
2049 2139 2162 2201 teli
2192 2139 2395 2203 missu
2432 2138 2738 2224 appellati

610 2240 720 2301 uel
751 2262 791 2301 a
819 2238 1004 2302 Balio
1045 2238 1349 2302 Herculis
1380 2240 1613 2303 comite
1657 2240 1750 2303 ibi
1790 2241 2014 2304 relicto
2030 2290 2050 2318 ,
2108 2262 2259 2304 cum
2303 2242 2627 2304 Hercules
2658 2242 2739 2303 ad

613 2342 981 2426 Geryonem
1008 2340 1367 2425 nauigaret.
1434 2352 1649 2406 motus
1680 2363 1933 2427 quoque
1966 2342 2191 2428 Syriae
2219 2343 2622 2419 referuntur,
2669 2342 2735 2403 in

613 2444 850 2528 quibus
909 2445 1252 2528 Cleopatra
1303 2445 1708 2508 Demetrium
1760 2445 1975 2508 uirum
2026 2467 2218 2508 suum
2272 2456 2337 2508 et
2390 2446 2736 2508 Seleucum
2766 2454 2827 2503 20

610 2545 821 2608 filium
861 2545 1232 2628 indignata,
1291 2549 1462 2628 quod
1501 2546 1709 2610 occiso
1750 2559 1931 2629 patre
1973 2545 2111 2608 eius
2156 2568 2194 2608 a
2236 2567 2302 2608 se
2336 2546 2595 2610 iniussu
2625 2567 2736 2608 suo

613 2647 906 2710 diadema
939 2647 1316 2728 sumpsisset
1335 2693 1355 2722 ,
1392 2647 1737 2710 interemit.

1381 2882 1508 2943 EX
1559 2883 1733 2944 LIB.
1785 2883 1973 2945 LXI.

615 3051 691 3113 C.
729 3049 989 3112 Sextius
1017 3071 1265 3133 procos·
1302 3049 1478 3113 uicta
1503 3038 1943 3115 Salluuiorum
1968 3062 2162 3136 gente
2186 3052 2505 3116 coloniam
2518 3054 2734 3135 Aquas

616 3151 869 3214 Sextias
913 3152 1237 3228 condidit,
1289 3153 1369 3215 ob
1415 3175 1726 3236 aquarum
1774 3154 2025 3238 copiam
2054 3177 2088 3216 e
2118 3154 2319 3218 caldis
2364 3153 2737 3236 frigidisque
2766 3163 2827 3212 25

613 3252 900 3316 fontibus
933 3264 1124 3337 atque
1155 3277 1194 3317 a
1222 3253 1484 3317 nomine
1535 3255 1652 3319 suo
1681 3255 1776 3318 ita
1804 3255 2179 3338 appellatas.
2243 3257 2367 3319 Cn.
2408 3254 2734 3320 Domitius

611 3471 643 3521 2
669 3480 850 3520 cccxc
874 3468 1022 3522 milia
1047 3483 1345 3524 nccxxxw
1373 3487 1440 3532 ςν
1465 3472 1481 3541 fl
1510 3476 1541 3525 3
1569 3471 1629 3524 C.
1656 3471 1765 3522 add
1783 3472 2083 3526 Frobenius
2100 3493 2118 3524 .-
2157 3491 2240 3524 om
2278 3485 2392 3536 Νςν
2417 3474 2434 3544 ΙΙ
2460 3478 2492 3526 4
2532 3474 2737 3543 aliquas

610 3563 643 3597 r
667 3545 686 3615 ΙΙ
715 3549 744 3596 5
785 3546 929 3598 senis
953 3563 1077 3599 cum
1099 3547 1176 3598 M
1172 3549 1486 3601 ommsenius
1510 3548 1574 3600 de
1600 3547 1840 3601 tribubus
1852 3568 1915 3618 Ρ.
1950 3552 2045 3601 179
2061 3569 2080 3599 .·
2123 3549 2255 3602 sesis
2282 3568 2385 3604 con
2412 3571 2473 3615 ς,
2517 3551 2658 3604 sexis
2680 3557 2736 3602 et

607 3633 707 3685 Νς,
737 3621 897 3675 semis
923 3629 978 3674 et
1003 3641 1068 3685 ςν
1093 3625 1110 3694 ΙΙ
1137 3628 1167 3677 6
1195 3631 1251 3677 et
1273 3643 1356 3677 om
1384 3643 1449 3688 ςν
1473 3625 1492 3692 ΙΙ
1517 3624 1697 3676 fuerat
1716 3635 1767 3675 N
1786 3626 1805 3694 n
1835 3629 1862 3676 7
1888 3631 2021 3678 tunc
2046 3642 2130 3675 om
2157 3642 2223 3685 ςν
2248 3625 2267 3695 ss
2294 3629 2325 3678 8
2351 3636 2414 3680 ut
2440 3658 2504 3666 —
2530 3635 2734 3694 tempo-

609 3697 762 3750 ribus
787 3715 870 3750 om
895 3715 926 3749 r
951 3697 968 3768 11
996 3699 1236 3769 equitem
1258 3713 1320 3766 N,
1347 3699 1621 3770 equitibus
1650 3716 1684 3761 ς
1710 3696 1727 3766 ss
1753 3699 1811 3752 in
1835 3701 2080 3756 decurias
2130 3703 2489 3772 Goettlinqius
2512 3705 2574 3756 de
2598 3719 2655 3754 re
2666 3719 2730 3770 Ρ.

607 3777 768 3830 Rom.
787 3795 850 3845 Ρ.
880 3780 980 3830 438
1007 3779 1025 3850 Η
1053 3783 1084 3832 9
1109 3787 1322 3833 tantum
1347 3798 1431 3837 om
1467 3797 1498 3830 r
1523 3781 1541 3850 ΙΙ
1575 3783 1635 3832 10
1663 3781 1873 3851 equites
1897 3790 1961 3836 ut
1985 3795 2087 3835 ccc
2126 3799 2157 3834 r
2183 3783 2199 3852 ΙΙ
2232 3784 2287 3834 11
2333 3783 2389 3834 in
2426 3791 2617 3836 senatu
2654 3799 2735 3833 om

609 3873 662 3920 ς,
680 3856 884 3925 probat
911 3858 1285 3927 Goettlinyius.
1327 3859 1400 3926 cs.
1427 3859 1656 3913 Peterus
1680 3861 1743 3912 de
1776 3861 1983 3930 epochis
2018 3860 2103 3913 rei
2123 3879 2187 3929 Ρ.
2213 3861 2375 3912 Rom.
2407 3879 2470 3929 Ρ.
2500 3863 2599 3914 238
2626 3861 2643 3930 ΙΙ
2672 3863 2733 3910 14

607 3931 710 3984 soli
731 3944 783 3986 Ν
805 3932 821 4002 ΙΙ
855 3935 915 3985 16
954 3950 1089 4002 quos
1119 3963 1173 3972 -
1221 3933 1543 4004 Gymnesios
1580 3935 1804 4003 scripsi:
1855 3954 1988 4006 quas
2025 3969 2091 3978 ——
2143 3939 2451 4010 gymnesiae
2488 3951 2601 4002 Νςν
2626 3941 2643 4000 ΙΙ
2675 3941 2732 3988 17

607 4007 830 4078 exigant
857 4026 921 4071 ςν
947 4010 964 4079 ΙΙ
995 4013 1057 4062 18
1084 4017 1147 4063 ut
1169 4023 1219 4064 N
1240 4012 1256 4082 ΙΙ
1282 4011 1432 4064 blato
1456 4025 1557 4076 Νς,
1586 4012 1766 4066 balteo
1794 4030 1860 4074 ςν
1886 4012 1903 4082 ΙΙ
1931 4021 2061 4070 tunc
2098 4034 2221 4070 cum
2264 4035 2330 4079 ςν
2356 4017 2373 4085 ΙΙ
2403 4020 2461 4068 21
2506 4016 2733 4070 multum

606 4088 891 4157 indignata
914 4107 945 4141 r
970 4088 987 4157 ss
1015 4093 1080 4141 24
1108 4091 1169 4144 C.
1197 4109 1282 4142 om
1327 4109 1363 4154 ς
1387 4092 1404 4160 ΙΙ
1433 4091 1642 4145 Sestius
1680 4109 1711 4143 r
1736 4092 1753 4162 11
1783 4091 2093 4148 Salinorum
2138 4114 2170 4148 r
2196 4095 2213 4166 ΙΙ
2241 4099 2306 4149 25
2344 4096 2548 4150 Sestias
2580 4113 2611 4147 r
2636 4096 2653 4162 ss
2680 4101 2735 4146 et

604 4177 718 4226 Νςν
744 4165 762 4234 ΙΙ
788 4166 976 4218 calidis
1002 4167 1323 4237 fngldlsque
1349 4187 1380 4220 r
1406 4171 1422 4237 ΙΙ
