3052 4823
565 359 600 416 4
1433 375 1815 418 PERIocflAE

734 527 1018 590 LATINIS
1071 546 1285 590 VICTIS
1317 545 1605 588 ΜΟΝΤΕΜ
1635 545 2041 590 AVENTINVM
2074 524 2479 608 adsignauit,
2528 528 2691 590 fines

559 628 852 710 protulit,
889 627 1198 691 Hostiam
1228 627 1547 690 coloniam
1588 627 1878 690 deduxit.
1928 627 2343 690 caerimonias
2388 652 2437 716 a·
2469 631 2691 692 Numa

562 729 898 792 institutas
928 728 1292 792 renouauit.

731 832 865 894 Hic
898 833 1306 915 temptandae
1337 829 1643 893 scientiae
1671 831 1814 893 Atti
1845 833 1910 894 N
1916 832 2022 895 aui
2053 833 2313 916 auguris
2346 855 2539 895 causa
2568 827 2688 894 fer-

565 945 670 996 tur
711 933 1108 997 consuluisse
1150 956 1324 1009 eum,
1361 955 1443 995 an
1488 933 1556 996 id
1587 936 1665 996 de
1708 956 1835 1017 quo
1880 936 2188 1018 cogitaret
2232 934 2395 1000 effici
2432 944 2683 1018 posset;
2722 947 2753 994 5

561 1037 732 1118 quod
763 1059 912 1098 cum
941 1036 1052 1098 ille
1093 1035 1233 1098 fieri
1274 1057 1459 1118 posse
1505 1035 1813 1113 dixisset,
1872 1037 2132 1100 iussisse
2178 1059 2328 1099 eum
2368 1037 2689 1099 nouacula

561 1148 768 1200 cotem
797 1137 1179 1220 praecidere,
1215 1137 1407 1219 idque
1440 1137 1518 1199 ab
1550 1137 1708 1200 Atto
1738 1138 2032 1220 protinus
2063 1138 2327 1200 factum.

733 1239 1065 1322 Regnauit
1118 1239 1304 1302 annis
1356 1259 1595 1302 XXIIII.
1654 1241 1946 1302 Lucumo
1992 1241 2324 1302 Demarati
2367 1239 2689 1304 Corinthii

561 1339 735 1403 filius
769 1363 808 1403 a
837 1342 1181 1424 Tarquinis
1212 1343 1485 1405 Etrusca
1517 1340 1782 1404 ciuitate
1812 1343 2093 1405 Romam
2122 1342 2304 1405 uenit
2336 1352 2399 1405 et
2428 1342 2498 1404 in
2530 1342 2685 1404 ami-

561 1441 783 1504 citiam
812 1443 981 1505 Anci
1011 1455 1300 1527 receptus
1333 1443 1648 1526 Tarquini
1679 1442 1886 1506 Prisci
1926 1466 2163 1506 nomen
2193 1444 2353 1506 ferre
2386 1443 2595 1526 coepit
2626 1454 2690 1506 et
2726 1455 2789 1505 10

559 1555 705 1628 post
735 1556 1008 1609 mortem
1037 1546 1204 1608 Anci
1236 1567 1510 1629 regnum
1543 1545 1817 1627 excepit.
1868 1555 2128 1608 centum
2171 1545 2241 1606 in
2281 1555 2493 1628 patres
2538 1542 2689 1606 alle-

560 1647 658 1730 git
677 1695 697 1722 ,
732 1647 1002 1710 Latinos
1035 1647 1314 1730 subegit,
1350 1646 1638 1730 ludosjn
1670 1646 1838 1709 ci‘rco
1870 1647 2107 1723 edidit,
2143 1647 2436 1728 equitum
2466 1657 2686 1709 centu-

560 1748 686 1810 rias
719 1748 1094 1830 ampliauit,
1130 1750 1354 1811 urbem
1383 1771 1568 1812 muro
1600 1747 2042 1824 circumdedit,
2079 1750 2325 1812 cloacas
2357 1748 2531 1811 fecit.
2580 1770 2681 1811 oc-

563 1849 733 1912 cisus
765 1861 862 1913 est
894 1851 973 1912 ab
1003 1849 1172 1912 Anci
1202 1850 1355 1913 filiis
1387 1873 1537 1914 cum
1566 1863 1898 1936 regnasset
1929 1851 2115 1914 annis
2145 1872 2449 1914 XXXVIII.

737 1937 1061 2015 Successit
1093 1951 1151 2014 ei
1183 1953 1447 2016 Seruius
1480 1953 1736 2016 Tullius
1756 2002 1776 2030 ,
1838 1963 2030 2016 natus
2075 1975 2156 2016 ex
2198 1953 2457 2036 captiua
2484 1953 2689 2016 nobili
2725 1967 2789 2016 15

563 2052 1019 2129 Corniculana,
1055 2053 1161 2116 cui
1188 2077 1387 2137 puero
1418 2057 1631 2118 adhuc
1659 2057 1730 2118 in
1761 2041 1944 2118 cunis
1982 2054 2191 2138 posito
2222 2066 2418 2138 caput
2464 2055 2689 2118 arsisse

559 2155 870 2217 traditum
910 2166 1066 2219 erat.
1111 2156 1167 2218 is
1200 2178 1463 2221 censum
1505 2158 1788 2241 primum
1831 2157 1998 2241 egit,
2054 2158 2335 2220 lustrum
2376 2157 2685 2232 condidit,

563 2279 689 2349 quo
736 2278 926 2320 censa
965 2277 1151 2321 LXXX
1203 2259 1386 2322 milia
1439 2282 1576 2324 esse
1622 2260 1948 2344 dicuntur,
1992 2258 2683 2343 pomerium'protulit,

561 2359 756 2423 colles
815 2359 960 2422 urbi
1027 2361 1260 2425 adiecit
1329 2363 1733 2429 Quirinalem
1788 2362 2183 2427 Viminalem
2248 2361 2683 2445 Esquilinum,

561 2463 880 2545 templum
911 2462 1162 2526 Dianae
1193 2488 1341 2527 cum
1373 2466 1626 2552 Latinis
1656 2465 1726 2528 in
1752 2465 2087 2527 Auentino
2109 2464 2283 2545 fecit,
2318 2464 2695 2527 interfectus
2723 2477 2793 2526 20

563 2575 659 2628 est
691 2586 730 2627 a
759 2565 962 2627 Lucio
995 2567 1347 2649 Tarquinio
1365 2617 1386 2644 ,
1415 2568 1623 2631 Prisci
1652 2567 1809 2643 filio,
1848 2566 2116 2629 consilio
2144 2566 2318 2629 filiae
2350 2588 2502 2629 suae
2534 2567 2689 2628 Tul-

563 2668 712 2743 liae,
758 2690 908 2730 cum
937 2680 1266 2751 regnasset
1297 2668 1484 2731 annis
1515 2664 1748 2731 XILIIII.

735 2770 894 2833 Post
923 2769 1099 2831 h-unc
1133 2771 1208 2831 L.
1248 2770 1639 2852 Tarquinius
1672 2770 2000 2853 Superbus
2042 2792 2251 2853 neque
2294 2780 2554 2853 patrum
2581 2792 2690 2832 ne-

566 2894 688 2953 que
717 2871 943 2954 populi
972 2870 1153 2932 iussu
1182 2892 1452 2953 regnum
1482 2872 1747 2935 inuasit.
1796 2872 1851 2935 is
1883 2883 2157 2951 armatos
2190 2872 2356 2935 circa
2386 2895 2451 2935 se
2482 2873 2551 2934 in
2582 2895 2689 2935 cu-

565 2973 842 3036 stodiam
872 2972 975 3037 sui
1008 2972 1257 3035 habuit.
1307 2973 1553 3036 bellum
1584 2996 1731 3036 cum
1747 2973 2007 3038 Vulscis
2040 2974 2240 3058 gessit
2265 2985 2329 3037 et
2360 2995 2441 3036 ex
2472 2975 2693 3057 spoliis
2725 2987 2794 3036 25

565 3098 786 3139 eorum
817 3076 1134 3158 templum
1163 3076 1232 3137 in
1265 3076 1586 3158 Capitolio
1618 3075 1767 3139 Ioui
1796 3076 1967 3139 fecit.
2020 3076 2263 3140 Gabios
2305 3076 2451 3139 dolo
2480 3076 2550 3139 in
2580 3099 2691 3159 po-

567 3188 796 3267 testate
815 3200 932 3241 sua
960 3178 1227 3262 redegit.
1257 3178 1451 3241 huius
1464 3179 1618 3242 filiis
1632 3179 1920 3261 Delphos
1935 3178 2233 3261 profectis
2265 3188 2329 3240 et
2358 3180 2693 3242 consulen-

565 3279 775 3355 tibus,
825 3280 967 3362 quis
1002 3302 1220 3343 eorum
1247 3281 1493 3343 Romae
1523 3291 1906 3363 regnaturus
1932 3291 2119 3356 esset,
2155 3279 2401 3343 dictum
2424 3291 2521 3344 est
2545 3303 2695 3344 eum

566 3392 1012 3465 regnaturum,
1047 3382 1158 3463 qui
1188 3382 1468 3465 primum
1499 3396 1771 3445 matrem
1802 3383 2127 3447 osculatus
2158 3393 2347 3445 esset.
2398 3384 2569 3465 quod
2597 3405 2691 3444 re-

568 3504 876 3566 sponsum
905 3505 1056 3545 cum
1097 3483 1221 3565 ipsi
1267 3485 1453 3547 aliter
1499 3486 2102 3567 interpretarentur,
2154 3485 2383 3548 Iunius
2425 3489 2690 3562 BrutuS,
2728 3498 2798 3548 30

568 3584 680 3667 qui
710 3606 859 3647 cum
891 3584 981 3647 eis
1012 3586 1334 3668 profectus
1365 3598 1540 3663 erat,
1589 3586 1963 3669 prolapsum
2008 3608 2076 3649 se
2108 3586 2443 3650 simulauit
2474 3597 2538 3650 et
2572 3598 2692 3649 ter-

573 3855 700 3905 1-3
728 3852 801 3905 ad
814 3853 1028 3905 Ancum
1041 3852 1322 3921 pertinent
1343 3853 1360 3922 l}
1389 3857 1420 3905 2
1440 3842 1601 3905 ηὸῐιια
1624 3852 1713 3922 ΝΗ
1741 3856 1912 3905 4-14
1939 3854 2012 3905 ad
2055 3853 2410 3924 Tarquinium
2448 3854 2697 3907 Priscum

555 3934 835 4004 pertinent
856 3932 873 4002 ΙΙ
901 3936 933 3983 4
960 3931 1174 3984 scientii
1197 3944 1250 3983 Ν
1269 3932 1287 4001 ΙΙ
1313 3932 1412 3985 atii
1433 3944 1482 3983 N
1505 3932 1523 4001 11
1553 3936 1583 3985 6
1608 3931 1689 3984 illi
1710 3944 1761 3985 Ν
1782 3932 1799 4003 Ι]
1829 3936 1858 3985 8
1898 3935 2177 4004 regnauit]
2216 3936 2401 3987 Ancus
2440 3933 2455 4003 ΙΙ
2494 3934 2699 3986 bucho-

565 4031 656 4065 mo
680 4024 731 4065 Ν
751 4013 769 4083 ss
797 4009 1032 4064 corinthi
1054 4022 1107 4061 Ν
1127 4010 1144 4080 ΙΙ
1172 4013 1202 4063 9
1229 4017 1472 4063 etruscae
1494 4023 1568 4074 Ν,
1600 4010 1891 4063 etetusciae
1912 4030 1949 4080 y
1966 4051 1979 4075 ‚
2011 4014 2243 4066 etruriae
2271 4032 2307 4075 ς
2332 4014 2347 4081 ΙΙ
2382 4017 2442 4065 16
2470 4012 2699 4065 corioni-

567 4116 762 4167 culana
782 4126 834 4166 Ν
853 4114 871 4184 ΙΙ
899 4080 1067 4261 3ῐῖιῇιο
1087 4112 1175 4182 ΝΗ
1202 4113 1422 4166 arsisset
1443 4125 1495 4166 Ν
1515 4113 1535 4182 ΙΙ
1566 4116 1625 4165 19
1664 4112 2021 4181 aesquilinum
2046 4127 2097 4166 Ν
2118 4116 2135 4185 ss
2164 4118 2225 4167 23
2267 4133 2333 4167 ne
2372 4123 2585 4184 patrum
2612 4126 2659 4167 Ν
2682 4116 2699 4185 ss

565 4198 628 4247 25
657 4212 723 4247 ex
747 4193 908 4263 poliis
933 4204 979 4245 N
