3052 4823
519 331 642 422 126
1255 349 1426 393 1vm1
1456 350 1905 398 osssnovmz'ns

514 499 616 561 ius
647 496 1080 579 expiationem
1110 498 1221 581 qui
1233 499 1477 580 primus
1508 509 1979 563 monstrauerat
2007 498 2328 562 Aemilius
2344 495 2385 575 Ἰ·
2405 501 2643 562 Poten-

515 600 604 663 sis
634 620 910 680 aruspex
939 600 1296 680 praemium
1329 601 1481 662 tulit
1497 648 1518 675 ,
1565 600 1793 663 ceteris
1824 601 2185 664 celantibus
2202 649 2223 675 ,
2270 602 2445 683 quod
2483 600 2641 682 ipsis

409 739 416 747 ·
516 699 862 783 liberisque
893 700 1166 763 exitium
1195 704 1703 783 portenderetur.
1752 700 1999 782 piratae
2038 701 2109 764 in
2150 701 2383 764 Cilicia
2428 723 2467 764 a
2510 703 2642 764 Ro-

516 801 728 864 manis
757 800 975 863 deleti.
1026 803 1307 866 Teutoni
1339 827 1378 866 a
1407 803 1617 864 Mar-io
1650 802 1975 888 trucidati.

519 979 573 1005 ...
621 936 858 1006 ancilia
901 959 1050 999 cum
1095 938 1342 1020 crepitu
1390 961 1508 1001 sua
1550 903 1777 1020 sponte
1819 948 2015 999 mota.
2088 958 2311 999 seruus
2352 937 2434 1003 Q.
2482 937 2626 998 Ser·
2657 949 2687 997 5

467 1063 474 1070 ·
521 1040 666 1103 uilii
710 1038 1054 1120 Caepionis
1099 1038 1296 1101 Matri
1339 1041 1573 1102 Idaeae
1617 1061 1684 1102 se
1725 1038 2069 1121 praecidit,
2135 1047 2202 1099 et
2253 1050 2431 1099 trans
2470 1059 2643 1099 mare

521 1149 894 1223 exportatus
911 1187 932 1215 ,
965 1161 1049 1201 ne
1079 1162 1388 1223 umquam
1417 1142 1665 1202 Romae
1694 1151 2141 1203 reuerteretur.
2192 1140 2342 1201 urbs
2371 1138 2645 1200 lustrata

519 1253 712 1324 capra
741 1240 1041 1304 cornibus
1073 1242 1448 1306 ardentibus
1477 1264 1592 1324 per
1620 1243 1843 1304 urbem
1889 1244 2119 1316 du'cta,
2166 1252 2351 1323 porta
2390 1238 2645 1302 Naeuia

522 1344 752 1406 emissa
782 1342 1153 1424 relictaque.
1203 1342 1274 1404 in
1296 1343 1637 1406 -Auentino
1668 1344 1809 1406 luto
1836 1343 2028 1426 pluit.
2089 1339 2420 1405 Lusitanis
2463 1338 2640 1402 deui-
2730 1415 2741 1424 ⁶

522 1445 642 1508 ctis
673 1443 998 1526 Hispania
1025 1443 1291 1506 ulterior
1317 1455 1567 1527 pacata.
1618 1443 1865 1508 Cimbri
1894 1443 2111 1507 deleti.
2680 1453 2745 1502 10

379 1607 458 1661 45
522 1600 599 1663 C.
635 1597 846 1670 Mario
875 1598 952 1659 L.
988 1595 1248 1664 Valerio
1278 1619 1440 1660 coss,
1497 1597 1609 1659 fax
1650 1599 1878 1663 ardens
1920 1594 2289 1678 Tarquiniis
2329 1595 2460 1658 late
2500 1593 2645 1656 uisa

311 1685 490 1770 [¹05]
527 1699 740 1763 subito
768 1699 956 1782 lapsu
986 1699 1240 1761 cadcnS.
1292 1700 1412 1761 sub
1443 1720 1673 1761 occasu
1703 1698 1855 1761 solis
1886 1698 2057 1762 orbis
2086 1697 2276 1780 clipei
2305 1695 2534 1760 similis
2565 1697 2646 1758 ab

527 1791 856 1863 occidente
887 1794 970 1862 ad
999 1800 1312 1864 orientem
1341 1799 1521 1862 uisus
1544 1799 1827 1883 perferri.
1863 1798 1934 1861 in
1959 1799 2201 1863 Piceno
2231 1810 2435 1861 terrae
2463 1807 2647 1859 motu

425 1907 432 1914 ’
526 1900 852 1964 domicilia
879 1901 1082 1988 ruinis
1111 1910 1464 1983 prostrata,
1513 1902 1829 1983 quaedam
1870 1901 2185 1975 conuulsa
2226 1902 2374 1962 sede
2405 1921 2522 1962 sua
2548 1897 2646 1961 in-

525 2002 768 2065 clinata
794 2012 1195 2064 manserunt.
1245 2001 1538 2065 fremitus
1578 2023 1905 2064 armorum
1948 2007 2029 2064 ex
2069 2001 2320 2063 inferno
2360 2000 2641 2063 auditus.
2685 2011 2747 2059 15

528 2102 873 2186 quadrigae
904 2112 1164 2164 auratae
1193 2102 1260 2164 in
1287 2103 1422 2166 fo‘ro
1446 2125 1485 2165 a
1513 2104 1785 2185 pedibus
1816 2105 2236 2180 sudauerunt.
2282 2100 2550 2184 fugitiui
2578 2099 2648 2162 in

529 2203 752 2267 Sicilia
780 2203 1037 2287 proeliis
1068 2204 1390 2268 trucidati.

383 2353 462 2409 46
531 2357 626 2420 Μ.
662 2356 949 2421 Antonio
989 2359 1072 2421 A.
1109 2358 1462 2423 Postumio.
1489 2380 1651 2422 coss.
1704 2359 1961 2422 bubone
2002 2358 2075 2421 in
2114 2359 2271 2421 urbe
2317 2353 2458 2420 uiso
2498 2355 2651 2418 urbs
2727 2361 2739 2377 ⁶

315 2436 492 2520 [106]
525 2460 820 2523 lustrata.
864 2460 1100 2524 nimbis
1133 2472 1197 2524 et
1226 2462 1505 2543 procella
1533 2460 1811 2543 plurima
1840 2460 2184 2543 dissipata,
2216 2459 2488 2523 fulmine
2517 2457 2650 2539 ple-

525 2583 722 2644 raque
753 2572 946 2624 tacta.
1011 2558 1294 2626 Lanuuii
1333 2563 1406 2625 in
1444 2564 1601 2625 aede
1631 2562 1905 2637 Iunonis
1937 2562 2230 2644 Sospitae
2260 2562 2329 2623 in
2359 2560 2655 2623 cubiculo
2685 2569 2753 2619 20

529 2665 684 2725 deae
731 2663 1068 2746 sanguinis
1111 2674 1333 2746 guttae
1379 2663 1581 2726 uisae.
1655 2664 1933 2727 Nursiae
1990 2666 2177 2727 aedes
2224 2684 2401 2726 sacra
2446 2673 2650 2724 terrae

528 2775 712 2827 motu
752 2764 1040 2827 disiecta.
1112 2762 1410 2851 Lusitani
1468 2765 1854 2827 rebellantes
1890 2766 2171 2841 subacti.
2237 2766 2386 2828 Sex.
2437 2762 2649 2825 Titius

419 2934 424 2939 ,
519 2866 826 2928 'tribunus
855 2865 1061 2947 plebis
1093 2867 1172 2927 de
1203 2865 1371 2947 agris
1412 2865 1780 2929 diuidendis
1820 2868 2075 2949 populo
2100 2879 2248 2929 cum
2290 2884 2651 2947 repugnan-

532 2967 705 3030 tibus
737 2966 999 3049 collegis
1028 2966 1438 3049 pertinaciter
1453 2967 1677 3049 'legem
1716 2968 1907 3029 ferret
1922 3016 1943 3044 ,
1990 2967 2168 3031 corui
2213 2969 2341 3029 duo
2384 2984 2650 3027 numero

528 3070 602 3132 in
631 3070 764 3131 alto
793 3070 1086 3132 uolantes
1116 3068 1209 3131 ita
1237 3081 1695 3152 pugnauerunt
1725 3090 1918 3152 supra
1960 3069 2361 3143 contionem,
2411 3077 2484 3129 ut
2526 3088 2655 3129 ros-
2688 3076 2752 3125 25

503 3170 646 3239 tris
678 3170 1132 3254 unguibusque
1162 3171 1616 3234 lacerarentur.
1667 3171 1989 3253 aruspices
2021 3192 2199 3233 sacra
2240 3168 2532 3251 Apollini
2575 3166 2652 3228 li-

530 3273 730 3334 tanda
759 3263 824 3333 et
854 3272 1104 3355 (le-lege
1136 3294 1297 3354 quae
1326 3264 1648 3335 ferebatur
1691 3273 2237 3356 supersedendum
2279 3268 2655 3352 pronuntia-

530 3382 706 3433 runt.
766 3372 1183 3442 fremitus‚'ab
1224 3373 1476 3436 inferno
1523 3375 1606 3436 ad
1650 3375 1899 3438 caelum
1938 3374 2090 3436 ferri
2136 3372 2319 3435 uisus
2370 3369 2657 3452 inopiam

531 3472 892 3553 famemque
921 3472 1269 3554 portendit.
1318 3475 1595 3556 populus
1628 3474 1884 3558 stipem,
1919 3486 2250 3537 matronae
2283 3474 2659 3535 thesaurum

537 3693 558 3741 1
592 3689 687 3759 qui
708 3688 901 3759 sempev·
912 3710 929 3740 .·
957 3689 1084 3759 quia
1108 3708 1141 3742 a
1167 3688 1185 3759 ΙΙ
1209 3690 1416 3759 primus
1445 3691 1779 3760 Schefferus:
1805 3694 1954 3762 prius
1980 3711 2013 3744 a
2039 3692 2057 3761 ΙΙ
2082 3698 2277 3760 potens
2303 3688 2433 3742 artis
2454 3686 2660 3740 Ouden-

532 3768 748 3837 dorpius
774 3769 792 3837 ΙΙ
819 3772 849 3819 3
877 3767 1066 3820 Cilicia
1091 3768 1375 3837 Siqoniue:
1415 3769 1601 3823 Sicilia
1624 3788 1657 3821 a
1683 3771 1701 3840 ss
1730 3774 1758 3822 5
1796 3770 1867 3824 C.
1898 3771 2077 3823 Mario
2114 3769 2214 3823 Μ’.
2253 3766 2478 3837 Aquilio
2520 3782 2659 3817 coss.

530 3844 778 3898 excidisse
800 3844 1007 3896 monuit
1036 3844 1453 3912 Oudendovpius.
1493 3846 1567 3912 qs.
1594 3845 1730 3897 Liui
1752 3863 1874 3915 per.
1912 3857 2104 3899 LXVIII
2131 3845 2149 3915 ΙΙ
2176 3844 2246 3902 Q..
2286 3842 2481 3912 scripsi
2490 3863 2508 3893 .-
2559 3858 2664 3910 que

533 3941 568 3975 a
595 3924 612 3991 ΙΙ
641 3920 854 3974 6Matri
866 3920 1122 3989 Paphius.
1117 3941 1128 3953 ·
1153 3921 1340 3973 matris
1366 3939 1400 3972 a
1427 3923 1442 3988 [l
1473 3926 1499 3972 7
1528 3922 1757 3974 Romam
1774 3922 2075 3991 Schefferm
2101 3924 2119 3991 fl
2152 3920 2450 3989 13perferri
2476 3919 2663 3986 Schef-

518 4003 713 4070 ferue:
764 4000 1019 4069 praeferri
1057 4018 1091 4051 a
1117 4000 1136 4069 ΙῙ
1167 4003 1225 4051 17
1253 4000 1370 4052 sine
1393 4000 1613 4069 proeliis
1645 4000 2043 4069 Oudendorpim
2070 4001 2087 4069 ΙΙ
2114 4002 2172 4053 21
2207 4016 2387 4051 sacrae
2411 4024 2479 4033 --
2504 3998 2665 4049 disie-

534 4086 652 4132 ctae
685 4077 986 4144 Scheffiaerus
1026 4078 1042 4147 ΙΙ
1083 4082 1147 4130 22
1205 4078 1331 4130 Sex.
1387 4077 1561 4130 Titius
1604 4078 1673 4129 Ρι
1669 4077 1862 4147 ysaias:
1928 4077 2147 4130 Sextius
2185 4095 2219 4129 a
2256 4076 2273 4144 ss
2314 4080 2381 4128 26
2416 4073 2661 4145 Apollini

535 4155 870 4223 Schqfferusae
908 4154 1178 4224 Apollinis
1202 4173 1235 4208 a
1262 4156 1310 4224 ss
