3052 4823
495 356 514 412 1
533 353 571 411 2
1359 372 1742 413 PERIOCHAF.

1293 555 1421 618 EX
1467 556 1643 618 LIB.
1694 554 1816 618 VI.

489 745 622 806 Res
655 743 958 805 aduersus
988 741 1264 805 Vulscos
1294 751 1359 804 et
1403 743 1663 824 Aequos
1707 751 1772 804 et
1817 740 2275 805 Praenestinos
2320 763 2619 825 prospere

489 855 705 930 gestas
735 843 1042 907 continet.
1109 855 1413 926 quattuor
1459 845 1665 908 tribus
1710 842 2025 919 adiectae,
2079 842 2423 906 Stellatina
2467 844 2622 906 Tro-

489 947 782 1010 mentina
811 945 1122 1010 Sabatina
1150 945 1510 1010 Arniensis.
1562 949 1659 1008 M.
1696 944 1987 1008 Manlius
2005 992 2024 1020 ,
2076 943 2188 1027 qui
2220 944 2617 1028 Capitolium

491 1073 530 1112 a
570 1049 780 1113 Gallis
823 1048 1194 1110 defenderat
1213 1096 1234 1124 ,
1280 1069 1428 1110 cum
1472 1047 1807 1110 obstrictos
1850 1068 1991 1109 aere
2042 1047 2252 1110 alieno
2297 1047 2614 1123 liberaret,
2652 1060 2683 1107 5

489 1171 690 1213 nexos
737 1149 1096 1213 exsolueret
1118 1198 1136 1224 ,
1203 1148 1472 1212 crimine
1531 1147 1835 1211 adfectati
1892 1148 2075 1231 regni
2134 1149 2477 1213 damnatus
2537 1150 2616 1212 de

491 1273 645 1314 saxo
678 1251 961 1314 deiectus
991 1261 1111 1314 est.
1189 1251 1262 1312 in
1291 1251 1475 1314 cuius
1517 1261 1743 1313 notam
1785 1250 1912 1314 SC.
1962 1250 2204 1313 factum
2247 1260 2344 1314 est
2389 1273 2471 1312 ne
2516 1250 2622 1313 cui

491 1355 571 1416 de
625 1352 873 1415 Manlia
919 1363 1111 1436 gente
1156 1354 1376 1416 Marco
1417 1374 1655 1415 nomen
1701 1362 1889 1416 esset.
1961 1353 2038 1415 C.
2088 1351 2379 1417 Licinius
2426 1364 2491 1416 et
2535 1354 2613 1415 L.
2653 1396 2662 1403 -

493 1454 753 1534 Sextius
785 1455 1027 1518 tribuni
1073 1455 1278 1538 plebis
1323 1455 1535 1538 legem
1578 1455 2155 1538 promulgauerunt
2209 1466 2285 1518 ut
2324 1454 2641 1518 consules-

492 1579 573 1620 ex
601 1557 786 1640 plebe
815 1561 1082 1634 fierent,
1132 1554 1246 1640 q'ui
1275 1579 1357 1619 ex
1384 1555 1679 1640 patribus
1710 1557 2128 1632 creabantur,
2177 1579 2443 1640 eamque
2474 1579 2624 1621 cum
2658 1570 2720 1619 10

489 1681 728 1742 magna
758 1659 1169 1723 contentione
1199 1658 1713 1741 repugnantibus
1743 1657 2036 1740 patribus
2052 1706 2072 1734 ,
2120 1680 2271 1720 cum
2309 1658 2479 1721 idem
2512 1659 2621 1721 tri-

491 1761 652 1824 buni
709 1761 913 1843 plebis
966 1784 1079 1844 per
1131 1760 1650 1843 quinquennium
1693 1760 1812 1822 soli
1862 1760 2276 1847 magistratus
2318 1761 2619 1836 fuissent,

491 1862 930 1946 pertulerunt;
982 1873 1047 1925 et
1087 1863 1333 1946 primus
1376 1884 1458 1925 ex
1484 1862 1673 1945 plebe
1703 1863 1930 1925 consul
1961 1864 2039 1927 L.
2078 1861 2340 1926 Sextius
2370 1872 2620 1926 creatus

493 1973 610 2043 est.
661 1964 794 2026 lata
824 1974 923 2027 est
967 1974 1031 2026 et
1078 1965 1278 2027 altera
1319 1965 1426 2027 lex
1467 1985 1551 2027 ne
1582 1963 1688 2026 cui
1716 1964 1865 2047 plus
1895 1963 2265 2048 quingentis
2295 1964 2623 2048 iugeribus

495 2065 630 2148 agri
660 2065 882 2128 liceret
911 2065 1260 2149 possidere)
1881 2121 1883 2124 ,
2658 2079 2719 2128 15

1284 2301 1412 2364 EX
1457 2302 1634 2364 LIB.
1686 2301 1847 2366 VII.

482 2494 644 2581 “Duo
674 2491 832 2555 noui
860 2490 1272 2575 magistratus
1304 2489 1539 2553 adiecti
1568 2500 1753 2566 sunt,
1818 2500 2115 2574 praetura
2158 2500 2224 2554 et
2253 2489 2624 2554 curulis‘ae—

495 2592 733 2657 dilitas.
783 2592 1154 2677 pestilentia
1178 2591 1408 2654 ciuitas
1440 2592 1780 2670 laborauit,
1819 2614 2089 2675 eamque
2118 2592 2439 2676 insignem
2473 2591 2626 2654 fecit

494 2716 666 2757 mors
699 2695 856 2758 Furi
887 2693 1168 2757 Camilli.
1221 2693 1405 2756 cuius
1437 2693 1792 2756 remedium
1824 2704 1887 2757 et
1916 2694 2066 2758 finis
2100 2717 2245 2757 cum
2274 2717 2390 2778 per
2417 2714 2621 2756 nouas

495 2794 836 2877 relig-iones
862 2805 1291 2878 quaereretur,
1319 2794 1460 2857 ludi
1483 2794 1760 2857 scaenici
1785 2805 1941 2858 tunc
1964 2796 2247 2880 primum
2267 2796 2421 2859 facti
2445 2805 2619 2858 sunt.
2656 2806 2723 2855 20

333 2882 510 2939 ,f
495 2917 644 2959 cum
676 2895 810 2959 dies
858 2899 935 2960 L.
973 2896 1232 2960 Manlio·
1276 2896 1448 2973 dicta
1499 2906 1665 2959 esset
1718 2918 1755 2959 a
1796 2899 1892 2959 M.
1949 2897 2310 2981 Pomponio
2364 2898 2623 2959 tribuno

493 2997 700 3082 plebis
730 3009 988 3082 propter
1017 2998 1325 3062 dilectum
1358 3001 1578 3061 acerbe
1611 3010 1826 3062 actum
1856 3009 1920 3061 et
1954 3001 2030 3062 T.
2062 3000 2387 3062 Manlium
2415 2998 2624 3061 filium

493 3123 601 3165 rus
632 3102 989 3184 relegatum
1019 3101 1156 3164 sine
1186 3100 1322 3164 ullo
1351 3100 1654 3178 crimine,
1703 3102 2077 3165 adulescens
2107 3101 2281 3183 ipse,
2310 3101 2501 3189 cuius
2530 3120 2623 3160 re-

494 3203 732 3289 legatio
763 3203 933 3285 patri
965 3203 1392 3281 obiciebatur,
1440 3204 1627 3267 uenit
1670 3203 1742 3266 in
1788 3204 2158 3267 cubiculum
2205 3202 2448 3266 tribuni
2480 3200 2620 3301 sig-rig

498 3315 725 3395 qtoque
756 3304 971 3389 gladio
1003 3306 1392 3395 QPQQFW
1421 3305 1492 3368 in
1523 3307 1721 3369 uerba
1751 3329 1867 3370 sua
1882 3306 2114 3393 iuraret,
2152 3326 2218 3368 se
2250 3327 2380 3368 non
2410 3324 2620 3386 perse·
2654 3312 2720 3362 25

495 3405 948 3468 ueraturumin
968 3400 1584 3488 accusatione.{cum
1609 3408 1854 3471 telluris
1868 3407 2055 3470 hiatu
2069 3415 2205 3470 tota
2232 3409 2313 3469 ad
2325 3405 2625 3467 ultimum

374 3522 474 3541 μ

499 3664 528 3713 2
557 3661 745 3731 Equos
771 3668 827 3712 et
850 3661 1072 3713 Volscos
1099 3678 1128 3712 r
1155 3661 1172 3729 Η
1202 3664 1231 3713 3
1257 3661 1500 3714 adiectae
1521 3669 1650 3714 sunt
1678 3680 1727 3725 ς,
1758 3662 1974 3714 additae
2000 3678 2030 3713 r
2056 3662 2073 3730 ΙΙ
2100 3662 2451 3715 Tromentina
2478 3660 2628 3729 siqo-

495 3740 647 3793 nius.-
684 3739 1026 3810 promentina
1047 3749 1163 3800 Νςν
1187 3738 1205 3807 Ι]
1233 3743 1264 3790 4
1297 3738 1594 3792 Sabbatina
1618 3739 1969 3791 Promentina
1992 3755 2023 3789 r
2049 3738 2066 3807 u
2092 3738 2347 3790 manilius
2370 3750 2470 3800 Νς,
2500 3736 2631 3789 mal-

495 3818 602 3871 lius
630 3836 664 3880 ς
689 3819 707 3889 11
737 3822 764 3869 7
794 3818 1036 3871 defectus
1059 3829 1110 3870 N
1133 3818 1148 3887 ΙΙ
1178 3821 1207 3869 8
1233 3818 1422 3870 Marco
1449 3836 1646 3870 nomen
1675 3817 1926 3887 Siqonius
1946 3838 1964 3868 .·
2002 3816 2171 3869 manli
2197 3834 2499 3885 cognomen
2524 3828 2622 3879 Νς,

495 3916 675 3951 marco
699 3915 1000 3969 cognomen
1026 3916 1056 3949 r
1081 3898 1098 3967 ss
1126 3901 1156 3950 9
1185 3897 1392 3952 Sestius
1433 3916 1464 3950 r
1489 3898 1506 3968 Η
1540 3901 1601 3951 10
1628 3897 1789 3952 etiam
1817 3916 1882 3949 ex
1908 3896 2067 3966 plebe
2106 3914 2137 3947 r
2163 3896 2179 3965 ΙΙ
2208 3913 2323 3947 eam
2351 3897 2526 3967 legem
2554 3913 2584 3947 r
2610 3896 2628 3965 u

503 3978 560 4027 13
589 3976 794 4046 primus
819 3974 1061 4027 omnium
1087 3993 1119 4026 r
1145 3973 1163 4043 ΙΙ
1191 3974 1400 4027 Sestius
1437 3993 1468 4027 r
1493 3975 1511 4044 ΙΙ
1545 3979 1614 4053 14.
1636 3981 1692 4027 et
1716 3993 1799 4027 om
1822 3986 1871 4027 N
1894 3975 1911 4041 ΙΙ
1943 3976 2000 4024 17
2040 3980 2317 4042 praeterea
2354 3980 2411 4025 et
2444 3973 2631 4026 aedili·
2671 4024 2677 4029 .

476 4061 581 4106 tas
607 4054 809 4108 curulis
835 4072 867 4105 r
892 4053 909 4123 ss
937 4056 1002 4105 20
1027 4052 1311 4121 reliciones
1335 4064 1386 4104 N
1407 4052 1424 4123 ss
1452 4056 1512 4105 21
1542 4052 1802 4122 Pompeio
1828 4069 1858 4103 r
1884 4051 1901 4121 ss
1931 4053 1994 4102 22
2022 4049 2304 4103 manilium
2329 4063 2376 4104 N
2400 4052 2417 4120 Η
2446 4055 2510 4104 23
2537 4070 2629 4104 rus

497 4148 581 4183 om
607 4149 637 4183 r
663 4131 681 4200 ΙΙ
708 4135 772 4183 25
798 4148 910 4183 11011
935 4149 1018 4182 om
1055 4142 1140 4193 Νς
1165 4130 1183 4200 ΙΙ
1209 4148 1320 4183 11011
1356 4136 1831 4200 perseueraturum
1848 4147 1948 4182 ser
1974 4128 1992 4198 ss
2020 4132 2087 4181 26
2126 4146 2249 4181 cum
2270 4158 2323 4169 —-
2358 4128 2500 4183 foret
2519 4148 2596 4199 ,τις
2612 4150 2630 4181 .·

497 4228 582 4261 om
606 4220 720 4271 Ngr
745 4210 762 4278 {l
864 4206 872 4215 ’
