3052 4823
527 311 609 372 26
797 297 818 305 ⁸
1163 324 1169 331 ·
1400 331 1785 382 ΡΕΜΟΟΗΑΒ

526 479 824 568 idemque
855 479 1017 542 Fabi
1046 479 1324 544 Maximi
1355 480 1683 544 dictatoris
1698 529 1718 557 ,
1755 503 1903 544 cum
1934 481 2388 564 circumposita
2421 492 2656 557 ureret,

528 603 680 664 agro
708 579 1025 664 pepercit,
1060 591 1135 644 ut
1163 582 1354 645 illum
1385 593 1717 665 tamquam
1744 583 2137 665 proditorem
2166 593 2540 665 suspectum
2568 583 2660 646 fa-

528 693 718 746 ceret.
780 682 1060 746 Aemilio
1105 683 1336 748 deinde
1391 685 1602 750 Paulo
1644 693 1709 747 et
1749 685 2053 749 Terentio
2094 687 2381 750 Varrone
2430 707 2560 748 cos.
2597 696 2663 749 et

528 785 800 848 ducibus
831 806 980 848 011111
1008 785 1294 848 maxima
1323 786 1503 849 clade
1550 788 1858 850 aduersus
1888 787 2345 852 Hannibalem·
2379 789 2459 850 ad
2492 788 2660 850 Can-

528 908 646 950 nas
674 896 1040 970 pugnatum
1084 897 1185 950 est
1200 935 1221 964 ,
1284 909 1595 971 caesaque
1640 910 1717 951 eo
1756 889 1997 970 proelio
2042 893 2489 953 Romanorum
2522 878 2662 954 Ξῖἶν
2696 901 2727 951 5

529 1011 678 1052 cum
709 990 918 1054 Paulo
959 989 1219 1052 consule
1263 999 1329 1053 et
1368 990 1771 1054 senatoribus
1820 1011 1904 1054 xc
1950 1002 2016 1054 et
2059 992 2502 1056 consularibus
2548 1001 2663 1054 aut

528 1089 860 1174 praetoriis
885 1101 999 1154 aut
1021 1091 1330 1155 aediliciis
1346 1112 1513 1156 xxx.
1550 1102 1696 1176 post
1727 1115 1891 1175 quae
1920 1115 2071 1156 cum
2094 1115 2133 1156 a
2154 1093 2481 1157 nobilibus
2506 1095 2660 1156 adu-

530 1193 921 1258 lescentibus
949 1202 1211 1276 propter
1232 1193 1745 1276 desperationem
1768 1195 2112 1258 consilium
2136 1197 2217 1258 de
2240 1195 2663 1278 relinquenda

533 1293 730 1358 Italia
756 1294 1064 1370 iniretur,
1114 1295 1194 1358 P.
1231 1295 1571 1360 Cornelius
1604 1296 1823 1379 Scipio
1851 1296 2151 1360 tribunus
2180 1297 2502 1372 militum,
2554 1296 2666 1380 qui

532 1396 876 1459 Africanus
905 1406 1128 1478 postea
1171 1407 1442 1461 uocatus
1486 1410 1620 1474 est,
1686 1397 1907 1462 stricto
1938 1419 2129 1481 super
2172 1399 2388 1482 capita
2430 1399 2665 1462 delibe-
2703 1409 2767 1459 10

532 1497 817 1561 rantium
857 1497 1022 1560 ferro
1063 1497 1306 1561 iurauit
1349 1521 1416 1562 se
1445 1522 1561 1583 pro
1590 1500 1775 1563 hoste
1817 1500 2217 1564 habiturum‘
2244 1522 2395 1563 eum
2439 1500 2553 1583 qui
2594 1499 2665 1562 in

535 1601 734 1664 uerba
761 1622 878 1663 sua
907 1621 1041 1663 non
1067 1599 1344 1663 iurasset
1360 1649 1380 1677 ,
1429 1602 1765 1684 effecitque
1810 1611 1885 1664 ut
1926 1624 2148 1666 omnes
2190 1624 2327 1665 non
2366 1601 2666 1664 relictum

533 1701 616 1766 iri
645 1724 684 1765 a
713 1723 780 1765 se
809 1701 1084 1771 Italiam,
1101 1701 1510 1767 iureiurando
1541 1703 2109 1786 adstringerentur.
2158 1713 2419 1786 propter
2446 1703 2664 1786 pauci-

537 1815 734 1868 tatem
765 1803 1053 1867 militum
1083 1794 1216 1871 ffi
1257 1827 1590 1869 seruorum
1633 1817 1883 1870 armata
1926 1816 2102 1869 sunt.
2176 1805 2421 1889 captiui
2440 1853 2460 1880 ,
2519 1825 2669 1866 cum

537 1915 824 1988 potestas
868 1914 1036 1968 esset
1078 1905 1471 1985 redimendi,
1535 1908 1854 1992 redempti
1896 1931 2030 1972 non
2076 1917 2252 1971 sunt.
2346 1916 2675 1990 praeterea
2707 1917 2769 1966 15

539 2006 1034 2090 trepidationem
1076 2007 1253 2071 urbis
1297 2019 1362 2072 et
1402 2011 1655 2074 luctum
1698 2022 1765 2074 et
1806 2033 1906 2074 res
1950 2010 2022 2074 in
2054 2009 2381 2094 Hispania
2408 2008 2670 2122 meliore

541 2120 784 2172 euentu
813 2119 1027 2192 gestas
1055 2109 1368 2174 continet.
1433 2113 1697 2197 Opimia
1744 2123 1811 2176 et
1852 2112 2186 2176 Florentia
2214 2111 2645 2177 Vestalesuir

540 2210 723 2294 gines
765 2210 998 2274 incesti
1042 2214 1384 2276 damnatae
1415 2225 1592 2278 sunt.
1641 2214 1922 2280 Varroni
1950 2213 2211 2282 obuiam
2238 2213 2406 2277 itum
2436 2220 2502 2323 et
2528 2233 2669 2294 gra-

541 2311 670 2376 tiae
701 2322 913 2391 actae,
948 2316 1121 2398 quod
1151 2317 1230 2379 de
1259 2337 1326 2378 re
1355 2317 1620 2401 publica
1647 2340 1782 2382 non
1810 2319 2232 2399 desperasset.

1263 2553 1389 2615 EX
1434 2552 1610 2615 LIB.
1662 2552 1941 2615 XXIII.
2706 2560 2776 2611 20

545 2722 862 2804 Campani
892 2724 975 2785 ad
1004 2722 1451 2787 Hannibalem
1491 2722 1798 2784 defecere.
1846 2720 2119 2785 nuntius
2150 2720 2515 2785 Cannensis
2545 2720 2678 2783 uic-

543 2823 743 2887 toriae
775 2826 972 2907 Mago
1002 2823 1464 2907 Carthaginem
1492 2823 1729 2887 missus
1761 2823 1988 2886 anulos
2033 2844 2258 2886 aureos
2304 2822 2675 2905 corporibus

545 2923 898 2989 occisorum
927 2928 1246 2990 detractos
1290 2925 1360 2987 111
1403 2925 1731 2988 uestibulo
1772 2924 1987 2989 curiae
2034 2924 2263 2987 effudit
2283 2973 2303 3001 ,
2367 2946 2525 3007 quos
2568 2944 2674 2986 ex-

546 3028 810 3093 cessisse
868 3028 1070 3093 modii
1126 3050 1500 3093 mensuram
1560 3027 1855 3091 traditur.
1934 3036 2080 3109 post
2132 3048 2325 3109 quem
2374 3025 2683 3089 nuntium

544 3131 828 3207 Hanno,
863 3130 968 3193 uir
997 3154 1078 3194 ex
1110 3130 1347 3195 Poenis
1377 3130 1707 3193 nobilibus
1728 3178 1747 3205 ‚
1784 3130 2094 3193 suadebat
2126 3128 2382 3191 senatui
2411 3128 2681 3191 Cartha·
2714 3138 2784 3187 25

543 3232 938 3315 giniensium
966 3243 1041 3295 ut
1069 3255 1293 3316 pacem
1325 3234 1617 3315 apopulo
1632 3234 1931 3296 Romano
1956 3240 2275 3314 peterent,
2313 3252 2433 3293 nec
2464 3228 2675 3293 tenuit

549 3334 960 3415 obstrepente
990 3334 1305 3397 Barcinae
1335 3334 1639 3397 factione.
1690 3332 2007 3397 Claudius
2054 3332 2401 3395 Marcellus
2430 3341 2685 3415 praetor

549 3436 632 3497 ad
661 3436 925 3511 Nolam,
961 3436 1299 3519 eruptione
1324 3435 1633 3500 aduersus
1657 3434 2101 3497 Hannibalem
2124 3456 2207 3496 ex
2229 3433 2465 3531 oppido
2487 3432 2681 3506 facta,

550 3707 583 3756 4
607 3720 804 3773 magna
830 3722 866 3766 ς
889 3703 907 3774 fl
935 3708 966 3758 6
990 3718 1067 3758 xc
1104 3704 1480 3759 consularibus
1516 3712 1681 3774 atque
1719 3720 1785 3765 ςν
1810 3703 1827 3774 ΙΙ
1857 3706 1885 3754 7
1927 3708 2219 3772 postquam
2259 3719 2323 3764 ς,
2364 3706 2490 3770 post
2528 3714 2689 3769 quam

552 3782 758 3835 cladem
784 3800 816 3833 r
841 3783 858 3853 ΙΙ
885 3787 916 3837 9
961 3782 1057 3852 qui
1094 3788 1285 3853 postea
1319 3783 1610 3835 Africanus
1649 3787 1997 3851 nuncupatus
2029 3797 2061 3832 r
2100 3778 2117 3849 ΙΙ
2162 3780 2220 3830 11
2267 3794 2365 3847 pro
2418 3776 2578 3829 hoste
2630 3793 2687 3829 se

553 3878 621 3922 ςν
641 3860 672 3931 ΙΙ
717 3863 777 3913 12
815 3859 1039 3913 minime
1073 3860 1326 3912 relictum
1364 3877 1396 3912 r
1434 3862 1451 3931 ᾗ
1488 3860 1685 3913 relictu
1720 3859 1789 3912 iri
1824 3871 1876 3912 Ν
1914 3858 1933 3929 ΙΙ
1977 3861 2036 3910 13
2079 3856 2409 3928 paucitatem
2446 3872 2578 3908 uero
2612 3854 2687 3923 ¹·ss

556 3944 618 3992 14
641 3957 924 3993 seruorum
947 3951 1060 3993 v111
1085 3939 1236 3991 milia
1276 3956 1342 4002 ςν
1367 3940 1384 4009 ΙΙ
1428 3943 1488 3992 17
1517 3940 1699 4011 opima
1734 3951 1844 4007 Ny,
1887 3938 2015 4007 opia
2049 3956 2115 4001 ςν
2140 3938 2158 4007 ss
2201 3935 2462 3988 Floronia
2496 3931 2693 3983 codices

551 4020 708 4072 Liuii
730 4023 792 4071 57
822 4018 840 4088 ΙΙ
871 4021 933 4071 18
958 4018 1095 4071 itum
1120 4025 1204 4071 est
1223 4025 1280 4071 et
1301 4037 1333 4071 r
1359 4021 1376 4089 ss
1405 4021 1466 4071 21
1496 4019 1740 4072 defecere
1764 4034 1796 4069 r
1820 4016 1839 4087 ΙΙ
1867 4020 1932 4069 23
1967 4035 2001 4070 a
2036 4014 2226 4085 digitis
2251 4013 2555 4065 occisorum
2578 4010 2691 4062 Ro-

553 4115 837 4151 manorum
860 4114 892 4149 r
917 4096 935 4165 ΙΙ
961 4096 1106 4149 fudit
1142 4113 1173 4147 r
1209 4095 1227 4164 11
1267 4100 1332 4151 25
1368 4098 1592 4150 hannon
1628 4107 1680 4148 Ν
1700 4095 1717 4165 fl
1744 4112 1809 4148 ex
1848 4093 2048 4147 Poenis
2088 4092 2175 4145 uir
2210 4090 2287 4159 ru
2323 4086 2695 4142 nobilissimus

557 4195 622 4239 ςν
647 4177 665 4246 ΙΙ
694 4180 758 4230 26
783 4182 1032 4245 peterent
1057 4182 1112 4227 et
1134 4192 1236 4227 1100
1257 4186 1308 4227 Ν
1329 4175 1347 4243 [Ι
1375 4180 1436 4228 27
1464 4176 1687 4228 barcina
1713 4193 1764 4239 ς,
1794 4172 2069 4225 Barchina
2091 4189 2139 4235 r,
2167 4168 2432 4223 brachina
2450 4184 2489 4235 9
2514 4164 2532 4235 ΙΙ
