3052 4823
550 323 634 386 94
1429 343 1814 386 PERIocHAE

551 515 698 556 sens
731 491 1024 568 et‘soluS,
1063 494 1233 576 quod
1263 491 1432 554 nulli
1462 491 1577 556 alii
1604 515 1970 576 umquam-n
2022 493 2396 576 quaestione
2427 498 2684 562 decreta

550 598 628 658 de
659 605 863 658 morte
894 597 972 658 P.
1011 593 1198 658 Clodi
1229 593 1393 658 Milo
1424 594 1662 658 iudicio
1694 597 2037 660 damnatus
2077 597 2147 658 in
2193 597 2463 662 exilium
2503 611 2683 665 actus

551 708 670 762 est.
731 699 840 762 lex
867 699 1001 760 lata
1029 707 1126 761 est
1155 711 1228 761 ut
1257 696 1420 760 ratio
1451 695 1735 760 absentis
1767 698 2057 762 Caesaris
2086 699 2155 761 in
2187 699 2500 782 petitione
2532 724 2682 765 con-

549 802 798 865 sulatus
827 801 1191 875 haberetur,
1227 799 1437 862 inuito
1467 809 1533 862 et
1564 800 2038 864 contradicente
2069 803 2165 863 M.
2196 802 2464 865 Catone.
2499 826 2681 886 prae-

549 913 725 966 terea
752 925 851 964 res
881 912 1094 985 gestas
1139 923 1177 963 a
1223 901 1299 964 C.
1351 902 1623 965 Caesare
1666 903 1977 966 aduersus
2024 903 2284 978 Gallos,
2332 905 2446 986 qui
2484 928 2685 988 prope
2717 919 2748 968 5

547 1004 836 1068 uniuersi
867 1003 1437 1086 Vercingentorige
1466 1004 1761 1066 Aruerno
1792 1005 1955 1066 duce
1984 1005 2376 1081 defecerunt,
2412 1017 2475 1069 et
2505 1007 2682 1070 labo-

548 1107 748 1170 riosas
779 1105 1142 1168 obsidiones
1173 1104 1434 1168 urbium
1464 1105 1777 1182 continet,
1813 1105 1984 1170 inter
2013 1130 2173 1191 quas
2203 1106 2467 1171 Auarici
2499 1109 2681 1173 Bitu-

549 1210 765 1293 rigum
793 1219 858 1272 et
887 1206 1251 1290 Gergouiae
1288 1207 1753 1271 Aruernorum.

1291 1411 1419 1474 EX
1465 1411 1642 1473 LIB.
1694 1410 1949 1474 CVIII.

551 1569 627 1632 C.
664 1569 898 1632 Caesar
929 1565 1154 1629 Gallos
1199 1565 1281 1627 ad
1323 1563 1610 1628 Alesiam
1653 1563 1813 1626 uicit
1855 1586 2203 1647 omnesque
2234 1563 2492 1629 Galliae
2522 1565 2676 1630 ciui-
2715 1581 2779 1629 10

551 1680 741 1746 tates,
776 1690 939 1752 quae
970 1667 1042 1728 in
1073 1666 1264 1730 armis
1295 1666 1575 1742 fuerant,
1610 1665 1682 1727 in
1705 1665 2099 1729 deditionem
2124 1666 2393 1750 accepit.
2429 1668 2505 1731 C.
2530 1669 2684 1732 Cas-

551 1773 684 1836 sius
716 1779 1013 1853 quaestor
1055 1769 1149 1830 M.
1188 1767 1403 1831 Crassi
1435 1767 1709 1830 Parthos
1726 1815 1745 1844 ,
1797 1767 1910 1850 qui
1953 1768 2020 1830 in
2068 1768 2322 1852 Syriam
2352 1780 2679 1833 transcen-

549 1877 808 1948 derant,
846 1869 1118 1946 cecidit.)
1162 1868 1231 1931 in
1281 1867 1594 1950 petitione
1625 1869 1997 1934 consulatus
2028 1871 2125 1933 M.
2163 1871 2325 1934 Cato
2354 1873 2680 1954 repulsam

551 1974 739 2048 tulit,
796 1969 1024 2034 creatis
1077 1969 1448 2032 consulibus
1495 1971 1633 2034 Ser.
1686 1971 1975 2054 Sulpicio
2033 1974 2130 2034 M.
2185 1975 2516 2036 Marce110.
2594 1975 2671 2038 C.

551 2078 785 2140 Caesar
837 2072 1216 2135 Bellouacos
1271 2094 1422 2134 cum
1483 2073 1627 2135 aliis
1686 2075 2026 2138 Gallorum
2082 2075 2338 2158 populis
2396 2075 2669 2138 domuit.
2712 2088 2775 2138 15

547 2189 874 2263 praeterea
903 2173 1345 2237 contentiones
1376 2174 1547 2237 inter
1584 2176 1879 2238 consules
1911 2177 1989 2238 de
2020 2198 2379 2239 successore
2410 2178 2485 2240 C.
2517 2178 2676 2240 Cae-

549 2280 676 2345 sari
716 2277 1070 2353 mittendO,
1119 2287 1347 2360 agente
1390 2276 1462 2339 in
1505 2286 1734 2339 senatu
1765 2278 1860 2339 M.
1898 2278 2206 2340 Marcello
2251 2300 2378 2341 cos·
2415 2288 2489 2340 ut
2520 2280 2677 2342 Cae-

547 2405 651 2448 sar
681 2383 762 2445 ad
803 2378 1182 2463 petitionem
1225 2380 1598 2443 consulatus
1644 2379 1924 2456 ueniret,
1977 2402 2125 2443 cum
2166 2380 2221 2444 is
2265 2381 2405 2464 lege
2446 2382 2580 2444 lata
2606 2380 2679 2443 in

547 2496 802 2568 tempus
835 2482 1205 2546 consulatus
1228 2481 1591 2563 prouincias
1612 2480 1899 2545 obtinere
1934 2484 2216 2559 deberet,
2249 2506 2475 2567 resque
2506 2506 2545 2546 a
2575 2485 2671 2555 M.

547 2587 785 2650 Bibulo
815 2584 886 2647 in
919 2584 1102 2668 Syria
1130 2593 1342 2667 gestas
1380 2584 1689 2647 continet.
2709 2596 2777 2646 20

1277 2770 1407 2833 EX
1449 2772 1626 2834 LIB.
1678 2772 1950 2836 CVIIII

874 2907 1035 2976 QVI
1080 2906 1245 2969 EST
1290 2906 1629 2970 CIVILIS
1676 2906 1945 2969 BELLI
1991 2906 2367 2971 PRIMVS.

546 3079 794 3142 Causae
824 3077 1116 3140 ciuilium
1148 3099 1470 3140 armorum
1499 3085 1565 3137 et
1594 3074 1785 3137 initia
1813 3076 2177 3139 referuntur
2200 3076 2676 3139 contentiones-

545 3202 670 3263 que
701 3182 780 3243 de
812 3201 1170 3245 successore
1201 3180 1277 3243 C.
1308 3177 1568 3244 Caesari
1597 3176 1941 3254 mittendO,
1978 3200 2127 3241 cum
2158 3200 2223 3241 se
2256 3178 2671 3242 dimissurum

544 3281 860 3344 exercitus
890 3291 1190 3365 negaret,
1225 3281 1354 3343 nisi
1385 3304 1423 3343 a
1453 3279 1763 3362 Pompeio
1794 3278 2291 3342 dimitterentur.
2341 3271 2406 3343 et
2435 3280 2512 3343 C.
2544 3280 2672 3342 Cu·
2702 3290 2770 3339 25

543 3382 742 3445 rionis
789 3392 867 3445 tr.
912 3384 1002 3465 pl.
1052 3382 1333 3464 primum
1373 3383 1682 3444 aduersus
1727 3381 2063 3451 Caesarem
2082 3429 2103 3457 ,
2153 3380 2305 3443 dein
2348 3402 2464 3465 pro
2510 3381 2669 3444 Cae-

545 3639 568 3689 1
599 3635 804 3688 nemini
830 3653 1086 3707 umquam
1110 3653 1142 3688 r
1165 3636 1184 3706 ΙΙ
1223 3652 1479 3706 umquam
1520 3634 1752 3705 contigit
1791 3652 1886 3699 ςν,
1925 3651 2184 3705 umquam
2218 3633 2416 3687 accidit
2448 3650 2485 3702 9
2512 3632 2529 3703 ΙΙ
2558 3636 2587 3685 5
2615 3650 2671 3703 g.

541 3729 590 3769 Ν
611 3716 629 3786 ss
656 3716 945 3769 aduersum
972 3733 1002 3768 r
1027 3717 1044 3786 ss
1073 3718 1103 3767 8
1131 3720 1185 3766 et
1209 3733 1293 3767 om
1317 3732 1349 3766 r
1374 3715 1391 3785 ΙΙ
1420 3713 1690 3783 Gergouis
1716 3731 1747 3765 r
1772 3714 1789 3784 ΙΙ
1816 3714 2143 3766 auerriorum
2177 3725 2260 3775 Νς
2285 3713 2303 3782 ΙΙ
2336 3715 2397 3764 10
2424 3728 2547 3764 cum
2570 3723 2669 3774 Νς,

541 3795 572 3847 I
596 3812 627 3846 r
652 3795 670 3865 11
696 3793 925 3846 alexiam
971 3810 1036 3855 ςν
1061 3793 1078 3863 ΙΙ
1112 3794 1166 3843 11
1215 3790 1431 3844 Cassius
1467 3788 1799 3841 Frobenius:
1840 3789 2046 3842 caesius
2080 3802 2196 3851 Negr
2230 3790 2248 3860 ss
2286 3806 2332 3842 c.
2372 3788 2511 3841 cassi
2545 3789 2673 3860 ΝςΙΙ

544 3877 604 3925 14
631 3879 686 3926 et
709 3872 791 3924 M.
821 3871 1083 3925 Marcello
1107 3889 1138 3923 r
1164 3869 1181 3940 11
1208 3887 1263 3938 g.
1290 3881 1341 3922 N
1360 3870 1379 3937 ΙΙ
1411 3871 1472 3921 16
1497 3867 1871 3920 contentiones
1896 3868 2103 3920 Aldus.-
2142 3867 2387 3920 continet
2420 3877 2537 3927 Νςν
2562 3866 2579 3933 ΙΙ
2613 3865 2671 3915 17

538 3953 596 4006 in
619 3960 833 4021 tempus
867 3948 1202 4003 Gronouius:
1240 3947 1298 4000 in
1333 3946 1390 3998 id
1428 3952 1643 4014 tempus
1666 3955 1781 4006 Νςν
1817 3945 1833 4014 1}
1875 3947 1940 3996 20
1979 3954 2160 4014 gestas
2195 3944 2254 3997 in
2292 3942 2437 4013 syria
2472 3959 2538 4003 ςν
2563 3943 2583 4009 ΙῙ
2608 3942 2673 3992 22

536 4026 930 4095 ιἠδσνῂσιὶοηεηα
958 4026 1086 4079 libri
1107 4025 1263 4078 huius
1287 4030 1350 4078 ut
1370 4021 1697 4093 sequentium
1722 4038 1805 4073 om
1836 4039 1903 4083 ςν
1936 4022 1953 4091 ΙΙ
1995 4026 2061 4075 25
2100 4023 2399 4077 exercitum
2444 4037 2511 4084 ςν
2547 4020 2564 4089 ῃ
2602 4022 2669 4071 26

538 4104 664 4158 dein
687 4121 786 4175 pro
813 4104 1036 4157 Caesare
1061 4102 1312 4172 Siqonius
1329 4123 1347 4154 .·
1375 4102 1442 4154 de
1466 4118 1533 4171 pr
1570 4114 1779 4153 caenare
1802 4111 1878 4163 N,
1908 4099 1976 4152 de
2013 4115 2103 4168 po.
2132 4115 2213 4151 το.
2244 4097 2579 4166 caesarisque
2610 4112 2666 4164 9,

538 4184 606 4235 de
629 4200 688 4235 re
714 4200 768 4251 p.
801 4182 1026 4235 caesaris
1054 4201 1104 4245 ς,
1135 4200 1218 4233 om
1239 4199 1270 4232 r
1295 4182 1312 4251 ΙΙ
