3052 4823
559 373 637 434 54
1153 446 1156 451 Ι
1435 385 1819 438 ΡΕιιιοοΗΑΕ

555 539 800 602 tionem
857 535 1328 622 promulgasset
1390 544 1468 599 ut
1510 533 1847 610 Lusitani,
1906 531 2020 616 qui
2072 531 2143 594 in
2200 533 2397 596 fidem
2446 534 2687 616 populo

559 642 855 704 Romano
901 638 1104 702 dediti
1146 639 1226 701 ab
1273 636 1498 701 Seruio
1530 636 1745 700 Galba
1772 635 1843 699 in
1874 634 2163 700 Galliam
2190 635 2524 700 uenissent
2541 684 2563 712 ,
2610 633 2685 697 in

555 741 922 822 libertatem
949 739 1440 838 restituerentur
1456 787 1477 815 ,
1528 740 1625 801 M.
1662 740 1825 802 Cato
1870 737 2172 802 acerrime
2216 738 2440 802 suasit.
2511 748 2690 801 extat

563 841 768 906 oratio
825 853 890 906 et
940 843 1012 905 in
1064 842 1406 906 annalibus
1450 840 1653 923 ipsius
1698 841 1969 904 inclusa.
2029 841 2112 908 Q.
2163 839 2437 904 Fuluius
2481 839 2685 904 Nobi-

563 943 684 1006 lior
704 943 785 1020 ei,
824 965 1012 1027 saepe
1044 945 1124 1006 ab
1141 966 1215 1006 eo
1228 943 1299 1006 in
1329 953 1561 1006 senatu
1590 944 1932 1017 laceratuS,
1966 942 2296 1025 respondit
2316 964 2431 1025 pro
2449 942 2684 1016 Galba3
2722 955 2754 1003 5

558 1045 696 1128 ipse
743 1067 995 1128 quoque
1039 1045 1254 1109 Galba
1291 1067 1441 1107 cum
1487 1067 1555 1108 se
1614 1042 1908 1107 damnari
1938 1043 2215 1106 “uideret
2231 1091 2251 1119 ,
2315 1043 2688 1126 complexus

560 1149 721 1210 duos
751 1146 917 1210 filios
948 1156 1382 1230 praetextatos
1415 1155 1479 1208 et
1511 1145 1762 1228 Sulpici
1786 1144 1965 1209 Galli
1994 1144 2236 1221 filium,
2286 1144 2469 1208 cuius
2513 1154 2690 1207 tutor

560 1258 720 1324 erat,
755 1248 847 1310 ita
874 1248 1324 1312 miserabiliter
1350 1242 1464 1331 pro
1497 1269 1565 1310 se
1594 1248 1849 1310 locutus
1881 1256 1979 1310 est
2010 1257 2085 1309 ut
2113 1245 2361 1329 rogatio
2392 1246 2689 1329 antiqua-

558 1360 755 1414 retur.
821 1360 1047 1413 extant
1077 1359 1204 1413 tres
1235 1349 1553 1414 orationes
1599 1348 1772 1424 eius,
1818 1350 1983 1412 duae
2025 1350 2333 1412 aduersus
2374 1348 2690 1440 Libonem

459 1537 469 1548 υ
561 1461 641 1512 tr.
678 1452 770 1534 pl.
806 1451 1332 1552 rogationemque
1362 1451 1502 1514 eius
1536 1450 1795 1513 habitae
1826 1452 1904 1514 de
1952 1450 2318 1526 Lusitanis,
2363 1472 2497 1513 una
2538 1463 2795 1514 con-10

561 1563 662 1616 tra
703 1555 781 1617 L.
833 1553 1208 1616 Cornelium
1251 1554 1649 1636 Cethegum,
1695 1552 1765 1614 in
1808 1574 1937 1634 qua
1980 1551 2327 1616 Lusitanos
2378 1575 2577 1636 prope
2620 1575 2689 1616 se

563 1663 770 1717 castra
798 1655 1098 1718 habentis
1129 1677 1343 1720 caesos
1380 1656 1658 1731 fatetur,
1707 1655 1879 1736 quod
1921 1665 2323 1737 compertum
2362 1655 2683 1731 habuerit,

563 1777 726 1837 equo
767 1767 961 1837 atque
1005 1757 1265 1819 homine
1310 1779 1426 1819 suo
1469 1757 1602 1820 ritu
1640 1756 1987 1820 immolatis
2032 1778 2145 1838 per
2186 1756 2466 1839 speciem
2510 1757 2687 1840 pacis

563 1847 796 1920 adoriri
829 1857 1183 1920 exercitum
1215 1879 1408 1920 suum
1437 1858 1508 1920 in
1540 1857 1756 1921 animo
1787 1857 2111 1921 habuisse.
2159 1859 2517 1922 Andriscus
2548 1859 2689 1941 qui-

562 1958 714 2020 dam
743 1957 1011 2021 ultimae
1053 1958 1241 2021 sortis
1295 1959 1488 2022 homo
1533 1958 1753 2022 Persei
1806 1960 1974 2043 regis
2018 1982 2087 2023 se
2129 1960 2342 2024 filium
2384 1961 2595 2024 ferens
2626 1970 2691 2022 et
2727 1971 2791 2022 15

560 2069 812 2125 mutato
835 2060 1098 2123 nomine
1137 2059 1484 2143 Philippus
1519 2071 1789 2124 uocatus
1820 2083 1968 2124 cum
1999 2064 2079 2125 ab
2108 2064 2265 2126 urbe
2295 2064 2530 2138 Roma,
2564 2085 2693 2145 quo

561 2158 752 2223 illum
781 2161 1150 2225 Demetrius
1185 2162 1406 2245 Syriae
1435 2184 1550 2224 rex
1580 2164 1661 2226 ob
1702 2163 1829 2225 hoc
1875 2163 2090 2245 ipsum
2132 2164 2543 2227 mendacium
2571 2163 2691 2226 mi-

563 2273 768 2340 serat,
833 2265 1000 2326 clam
1039 2265 1463 2348 profugisset,
1526 2263 1751 2328 multis
1792 2267 1876 2328 ad
1920 2265 2151 2328 falsam
2203 2265 2342 2329 eius
2394 2265 2683 2328 fabulam

564 2365 748 2429 uelut
779 2367 860 2429 ad
889 2388 1110 2433 ueram
1140 2367 1558 2445 coeuntibus,
1616 2375 1942 2431 contracto
1996 2367 2284 2431 exercitu
2314 2377 2518 2431 totam
2547 2368 2687 2431 Ma-

563 2468 898 2532 cedoniam
927 2481 1040 2533 aut
1083 2471 1423 2535 uoluntate
1463 2468 1889 2533 incolentium
1930 2480 2045 2535 aut
2083 2471 2276 2535 armis
2322 2469 2686 2552 occupauit.
2724 2481 2793 2531 20

562 2570 851 2633 fabulam
881 2582 1101 2635 autem
1129 2572 1326 2635 talem
1353 2574 1664 2634 finxeratt
1714 2593 1795 2634 ex
1822 2572 2051 2654 pellice
2082 2594 2149 2635 se
2181 2582 2245 2635 et
2278 2575 2512 2636 Perseo
2540 2593 2689 2655 rege

562 2682 811 2748 ortum,
855 2673 1167 2735 traditum
1206 2674 1615 2735 educandum
1646 2674 1942 2737 Cretensi
1970 2674 2229 2737 cuidam
2260 2696 2435 2750 esse,
2500 2684 2576 2736 ut
2618 2672 2689 2734 in

560 2772 718 2835 belli
748 2794 970 2848 casm,
1014 2776 1188 2855 quod
1216 2774 1327 2837 ille
1359 2796 1508 2837 cum
1539 2774 1852 2837 Romanis
1881 2786 2166 2858 gereret,
2215 2776 2475 2858 aliquod
2504 2775 2690 2837 uelut

562 2874 782 2937 semen
813 2874 1027 2956 stirpis
1059 2874 1270 2957 regiae
1301 2886 1569 2939 extaret.
1619 2877 1987 2961 Adramytti
2018 2900 2085 2941 se
2116 2879 2462 2941 educatum
2489 2898 2693 2960 usque

562 2978 645 3041 ad
675 2976 1127 3039 duodecimum
1157 2978 1384 3042 aetatis
1426 3000 1707 3054 annum,
1756 2990 2008 3061 patrem
2050 3001 2201 3042 eum
2248 3002 2383 3051 esse
2432 2980 2693 3042 creden·
2727 2989 2794 3040 25

564 3090 718 3156 tem,
755 3102 794 3145 a
825 3102 950 3162 quo
982 3081 1383 3156 educaretur,
1412 3080 1717 3163 ignarum
1757 3080 2009 3164 generis
2039 3080 2237 3153 fuisse
2268 3080 2390 3145 sui.
2443 3080 2693 3144 adfecto

561 3181 792 3245 deinde
824 3204 935 3257 e0,
969 3206 1118 3245 cum
1147 3205 1345 3266 prope
1375 3184 1460 3246 ad
1490 3184 1795 3246 ultimum
1824 3185 2027 3246 finem
2053 3182 2228 3245 uitae
2259 3192 2428 3246 esset
2445 3230 2465 3258 ,
2513 3184 2687 3244 dete-

562 3293 734 3349 ctam
763 3283 888 3346 sibi
917 3287 1180 3349 tandem
1224 3284 1539 3368 originem
1583 3307 1766 3349 suam
1809 3285 2135 3369 falsaeque
2175 3283 2369 3348 matri
2397 3283 2693 3347 libellum

566 3584 589 3633 1
621 3580 678 3632 in
702 3580 882 3633 federe
911 3598 976 3643 ςν
1000 3581 1018 3650 '11
1045 3586 1075 3635 2
1101 3600 1134 3634 a
1160 3600 1225 3645 ςν
1250 3582 1268 3651 ΙΙ
1297 3582 1545 3653 Sergior
1569 3586 1590 3653 1}
1614 3588 1645 3636 4
1685 3590 1741 3637 et
1774 3597 1887 3648 Νςι
1932 3585 2049 3637 eius
2076 3602 2139 3649 ς,
2180 3602 2265 3636 om
2306 3601 2371 3646 ςν
2396 3586 2415 3655 ss
2442 3584 2558 3637 eius
2586 3600 2651 3645 ςν
2676 3584 2695 3654 Ι]

564 3661 594 3709 5
621 3657 672 3709 ei
695 3656 889 3730 scripsi
901 3679 920 3709 .-
969 3666 1025 3711 et
1046 3670 1131 3721 Νς
1148 3698 1162 3723 ,
1216 3658 1378 3711 etiam
1401 3677 1436 3711 r
1458 3660 1476 3729 ΙΙ
1503 3677 1663 3730 saepe
1687 3679 1771 3712 om
1794 3679 1825 3713 r
1850 3662 1869 3733 ΙΙ
1895 3661 2147 3731 sulpicati
2170 3660 2342 3714 filium
2365 3673 2473 3725 Νς,
2526 3660 2698 3713 filium

564 3735 709 3792 Galli
736 3737 963 3806 Sulpicii
987 3757 1018 3791 r
1043 3738 1061 3808 ΙΙ
1089 3742 1120 3791 9
1147 3738 1438 3792 aduersum
1464 3758 1495 3792 r
1521 3741 1539 3811 fl
1572 3744 1634 3794 10
1658 3741 2081 3812 rogationesque
2104 3758 2171 3803 ςν
2195 3738 2213 3809 ΙΙ
2245 3743 2301 3791 11
2332 3745 2554 3810 propter
2578 3756 2695 3792 sese

561 3835 594 3870 r
617 3818 636 3886 ΙΙ
667 3820 728 3869 13
753 3816 865 3869 ritu
889 3835 973 3869 om
996 3836 1028 3870 r
1053 3818 1071 3887 ΙΙ
1103 3819 1164 3869 15
1190 3834 1247 3869 se
1271 3835 1356 3868 om
1392 3818 1482 3888 ΝΙΙ
1514 3822 1577 3871 16
1612 3836 1838 3872 romana
1876 3838 1910 3881 ς
1935 3818 1953 3887 ΙΙ
1980 3835 2043 3870 co
2080 3817 2236 3870 illum
2273 3818 2364 3886 Nl}
2396 3820 2459 3868 18
2494 3816 2693 3868 famam

560 3914 592 3949 r
617 3896 636 3966 [Ι
663 3900 723 3949 21
753 3895 915 3948 huius
940 3896 1089 3949 modi
1113 3914 1145 3949 r
1171 3896 1188 3964 ΙΙ
1214 3895 1416 3967 paelice
1450 3910 1501 3949 Ν
1522 3898 1541 3968 ΙΙ
1568 3904 1623 3951 et
1656 3917 1741 3950 om
1778 3911 1830 3951 N
1849 3898 1869 3968 ΙΙ
1895 3901 1960 3950 22
1987 3897 2180 3949 cretesi
2201 3908 2279 3961 N,
2328 3902 2472 3949 crete
2511 3913 2568 3949 se
2598 3914 2693 3964 μς,

563 3970 809 4042 cyrthese
833 3989 865 4023 r
889 3971 908 4039 u
933 3971 991 4023 in
1022 3990 1106 4024 om
1143 3984 1191 4024 N
1215 3972 1232 4039 ΙΙ
1262 3974 1326 4024 23
1370 3983 1559 4041 ageret
1595 3992 1626 4026 r
1652 3975 1669 4044 ΙΙ
1698 3978 1764 4028 24
1804 3980 2016 4027 extaret
2058 3973 2259 4026 Perseo
2298 3972 2584 4025 demortuo
2624 3990 2655 4023 r
2681 3973 2699 4041 ΙΙ

561 4050 873 4120 Adramytti
904 4051 1208 4104 Gronom'us
1228 4072 1246 4101 .-
1283 4050 1594 4123 hydramyti
1617 4066 1717 4118 Νς,
1760 4052 2016 4123 ydramiti
2037 4069 2141 4121 μς,
2184 4051 2426 4105 idramiti
2453 4069 2538 4114 gr.
2577 4051 2697 4120 Hy-

561 4126 798 4179 dramiae
821 4128 1296 4182 Drakenborckius
1322 4129 1341 4197 ΙΙ
1369 4132 1434 4181 25
1458 4146 1663 4182 annum
1688 4128 1881 4183 aetatis
1916 4147 1948 4182 r
1974 4129 1991 4199 ΙΙ
2018 4136 2227 4200 patrem
2270 4129 2389 4182 eius
2412 4146 2442 4181 r
2469 4128 2487 4199 ΙΙ
2516 4130 2581 4181 28
2621 4128 2700 4181 ibi

561 4202 871 4255 Perizonius
897 4204 914 4272 ss
