<?xml version="1.0" encoding="UTF-8"?>
<!DOCTYPE html PUBLIC "-//W3C//DTD XHTML 1.0 Transitional//EN"
    "http://www.w3.org/TR/xhtml1/DTD/xhtml1-transitional.dtd">
<html xmlns="http://www.w3.org/1999/xhtml" xml:lang="en" lang="en">
 <head>
  <title>
</title>
<meta http-equiv="Content-Type" content="text/html;charset=utf-8" />
  <meta name='ocr-system' content='tesseract 3.04.00' />
  <meta name='ocr-capabilities' content='ocr_page ocr_carea ocr_par ocr_line ocrx_word'/>
</head>
<body>
  <div class='ocr_page' id='page_1' title='image "./tliviaburbecond00jahngoog_0139.png"; bbox 0 0 3052 4823; ppageno 0'>
   <div class='ocr_carea' id='block_1_1' title="bbox 465 318 2178 382">
    <p class='ocr_par' dir='ltr' id='par_1_1' title="bbox 465 318 2178 382">
     <span class='ocr_line' id='line_1_1' title="bbox 465 318 2178 382; baseline 0.002 -4"><span class='ocrx_word' id='word_1_1' title='bbox 465 318 584 380; x_wconf 86' lang='lat'>108</span> <span class='ocrx_word' id='word_1_2' title='bbox 854 337 1237 382; x_wconf 75' lang='lat' dir='ltr'>PEmoanE</span> <span class='ocrx_word' id='word_1_3' title='bbox 1266 339 1328 381; x_wconf 80' lang='grc' dir='ltr'>Τ.</span> <span class='ocrx_word' id='word_1_4' title='bbox 1366 338 1509 382; x_wconf 82' lang='lat' dir='ltr'>LIVI</span> <span class='ocrx_word' id='word_1_5' title='bbox 1542 338 2178 382; x_wconf 69' lang='lat' dir='ltr'>cxxxv1111—cxn11.</span> 
     </span>
    </p>
   </div>
   <div class='ocr_carea' id='block_1_2' title="bbox 458 487 2589 756">
    <p class='ocr_par' dir='ltr' id='par_1_2' title="bbox 458 487 2589 756">
     <span class='ocr_line' id='line_1_2' title="bbox 458 487 2589 572; baseline 0.001 -23"><span class='ocrx_word' id='word_1_6' title='bbox 458 488 530 550; x_wconf 90' lang='lat' dir='ltr'>in</span> <span class='ocrx_word' id='word_1_7' title='bbox 597 487 816 552; x_wconf 89' lang='lat' dir='ltr'>Gallia</span> <span class='ocrx_word' id='word_1_8' title='bbox 873 498 1011 552; x_wconf 87' lang='lat' dir='ltr'>erat</span> <span class='ocrx_word' id='word_1_9' title='bbox 1051 488 1460 572; x_wconf 88' lang='lat' dir='ltr'>conponitur.</span> <span class='ocrx_word' id='word_1_10' title='bbox 1526 510 1637 552; x_wconf 88' lang='lat' dir='ltr'>ara</span> <span class='ocrx_word' id='word_1_11' title='bbox 1701 488 1963 552; x_wconf 84' lang='lat' dir='ltr'>Caesari</span> <span class='ocrx_word' id='word_1_12' title='bbox 2020 490 2101 551; x_wconf 90' lang='lat' dir='ltr'>ad</span> <span class='ocrx_word' id='word_1_13' title='bbox 2149 488 2589 552; x_wconf 88' lang='lat' dir='ltr'>confluentem</span> 
     </span>
     <span class='ocr_line' id='line_1_3' title="bbox 458 589 2586 668; baseline 0 -15"><span class='ocrx_word' id='word_1_14' title='bbox 458 589 677 653; x_wconf 86' lang='lat' dir='ltr'>Araris</span> <span class='ocrx_word' id='word_1_15' title='bbox 708 600 772 653; x_wconf 90' lang='lat' dir='ltr'>et</span> <span class='ocrx_word' id='word_1_16' title='bbox 804 590 1109 655; x_wconf 86' lang='lat' dir='ltr'>Rhodani</span> <span class='ocrx_word' id='word_1_17' title='bbox 1139 590 1431 653; x_wconf 86' lang='lat' dir='ltr'>dedicata</span> <span class='ocrx_word' id='word_1_18' title='bbox 1445 639 1465 668; x_wconf 91' lang='lat'><strong><em>,</em></strong></span> <span class='ocrx_word' id='word_1_19' title='bbox 1511 591 1838 655; x_wconf 82' lang='lat' dir='ltr'>sacerdote</span> <span class='ocrx_word' id='word_1_20' title='bbox 1868 600 2081 654; x_wconf 87' lang='lat' dir='ltr'>creato</span> <span class='ocrx_word' id='word_1_21' title='bbox 2111 591 2187 653; x_wconf 93' lang='lat' dir='ltr'>C.</span> <span class='ocrx_word' id='word_1_22' title='bbox 2226 589 2399 654; x_wconf 91' lang='lat' dir='ltr'>Iulio</span> <span class='ocrx_word' id='word_1_23' title='bbox 2427 591 2586 656; x_wconf 91' lang='lat' dir='ltr'>Ver-</span> 
     </span>
     <span class='ocr_line' id='line_1_4' title="bbox 459 690 1226 756; baseline 0.001 -4"><span class='ocrx_word' id='word_1_24' title='bbox 459 690 944 756; x_wconf 87' lang='lat' dir='ltr'>condaridubno</span> <span class='ocrx_word' id='word_1_25' title='bbox 974 693 1226 756; x_wconf 86' lang='lat' dir='ltr'>Aeduo.</span> 
     </span>
    </p>
   </div>
   <div class='ocr_carea' id='block_1_3' title="bbox 1225 836 1832 909">
    <p class='ocr_par' dir='ltr' id='par_1_3' title="bbox 1225 836 1832 909">
     <span class='ocr_line' id='line_1_5' title="bbox 1225 836 1832 909; baseline -0.002 -2"><span class='ocrx_word' id='word_1_26' title='bbox 1225 846 1354 907; x_wconf 91' lang='lat' dir='ltr'>EX</span> <span class='ocrx_word' id='word_1_27' title='bbox 1398 846 1575 908; x_wconf 92' lang='lat' dir='ltr'>LIB.</span> <span class='ocrx_word' id='word_1_28' title='bbox 1627 836 1832 909; x_wconf 86' lang='lat' dir='ltr'>CXL.</span> 
     </span>
    </p>
   </div>
   <div class='ocr_carea' id='block_1_4' title="bbox 462 978 2650 1360">
    <p class='ocr_par' dir='ltr' id='par_1_4' title="bbox 462 978 2650 1360">
     <span class='ocr_line' id='line_1_6' title="bbox 465 978 2650 1065; baseline 0 -24"><span class='ocrx_word' id='word_1_29' title='bbox 465 980 747 1043; x_wconf 90' lang='lat' dir='ltr'>Thraces</span> <span class='ocrx_word' id='word_1_30' title='bbox 774 980 1002 1043; x_wconf 91' lang='lat' dir='ltr'>domiti</span> <span class='ocrx_word' id='word_1_31' title='bbox 1029 1002 1068 1043; x_wconf 89' lang='lat' dir='ltr'>a</span> <span class='ocrx_word' id='word_1_32' title='bbox 1090 982 1166 1043; x_wconf 92' lang='lat' dir='ltr'>L.</span> <span class='ocrx_word' id='word_1_33' title='bbox 1197 980 1460 1055; x_wconf 85' lang='lat' dir='ltr'><strong>Pisone,</strong></span> <span class='ocrx_word' id='word_1_34' title='bbox 1494 980 1651 1065; x_wconf 85' lang='lat' dir='ltr'>item</span> <span class='ocrx_word' id='word_1_35' title='bbox 1682 978 1993 1043; x_wconf 84' lang='lat' dir='ltr'>Cherusci</span> <span class='ocrx_word' id='word_1_36' title='bbox 2016 979 2313 1043; x_wconf 85' lang='lat' dir='ltr'>Tencteri</span> <span class='ocrx_word' id='word_1_37' title='bbox 2339 980 2588 1043; x_wconf 86' lang='lat' dir='ltr'>Chauci</span> <span class='ocrx_word' id='word_1_38' title='bbox 2620 990 2650 1036; x_wconf 85' lang='lat'>5</span> 
     </span>
     <span class='ocr_line' id='line_1_7' title="bbox 464 1081 2591 1167; baseline 0 -23"><span class='ocrx_word' id='word_1_39' title='bbox 464 1081 752 1167; x_wconf 89' lang='lat' dir='ltr'>aliaeque</span> <span class='ocrx_word' id='word_1_40' title='bbox 807 1083 1278 1146; x_wconf 86' lang='lat' dir='ltr'>Germanorum</span> <span class='ocrx_word' id='word_1_41' title='bbox 1332 1091 1507 1144; x_wconf 88' lang='lat' dir='ltr'>trans</span> <span class='ocrx_word' id='word_1_42' title='bbox 1560 1081 1875 1145; x_wconf 85' lang='lat' dir='ltr'>Rhenum</span> <span class='ocrx_word' id='word_1_43' title='bbox 1923 1091 2149 1165; x_wconf 85' lang='lat' dir='ltr'>gentes</span> <span class='ocrx_word' id='word_1_44' title='bbox 2204 1083 2505 1145; x_wconf 88' lang='lat' dir='ltr'>subactae</span> <span class='ocrx_word' id='word_1_45' title='bbox 2552 1104 2591 1144; x_wconf 87' lang='lat' dir='ltr'>a</span> 
     </span>
     <span class='ocr_line' id='line_1_8' title="bbox 462 1183 2588 1267; baseline 0.001 -22"><span class='ocrx_word' id='word_1_46' title='bbox 462 1183 677 1247; x_wconf 88' lang='lat' dir='ltr'>Druso</span> <span class='ocrx_word' id='word_1_47' title='bbox 729 1184 1111 1247; x_wconf 85' lang='lat' dir='ltr'>referuntur.</span> <span class='ocrx_word' id='word_1_48' title='bbox 1184 1183 1460 1254; x_wconf 84' lang='lat' dir='ltr'>Octauia</span> <span class='ocrx_word' id='word_1_49' title='bbox 1504 1204 1679 1246; x_wconf 90' lang='lat' dir='ltr'>soror</span> <span class='ocrx_word' id='word_1_50' title='bbox 1720 1183 2004 1267; x_wconf 85' lang='lat' dir='ltr'>Augusti</span> <span class='ocrx_word' id='word_1_51' title='bbox 2035 1183 2376 1259; x_wconf 85' lang='lat' dir='ltr'>defuncta,</span> <span class='ocrx_word' id='word_1_52' title='bbox 2437 1194 2588 1247; x_wconf 87' lang='lat' dir='ltr'>ante</span> 
     </span>
     <span class='ocr_line' id='line_1_9' title="bbox 464 1283 2591 1360; baseline 0 -13"><span class='ocrx_word' id='word_1_53' title='bbox 464 1285 697 1350; x_wconf 88' lang='lat' dir='ltr'>amisso</span> <span class='ocrx_word' id='word_1_54' title='bbox 725 1286 862 1349; x_wconf 90' lang='lat' dir='ltr'>filio</span> <span class='ocrx_word' id='word_1_55' title='bbox 907 1285 1250 1360; x_wconf 86' lang='lat' dir='ltr'>Marcello,</span> <span class='ocrx_word' id='word_1_56' title='bbox 1301 1283 1485 1347; x_wconf 87' lang='lat' dir='ltr'>cuius</span> <span class='ocrx_word' id='word_1_57' title='bbox 1530 1284 1933 1347; x_wconf 86' lang='lat' dir='ltr'>monimenta</span> <span class='ocrx_word' id='word_1_58' title='bbox 1976 1296 2130 1347; x_wconf 90' lang='lat' dir='ltr'>sunt</span> <span class='ocrx_word' id='word_1_59' title='bbox 2172 1285 2495 1348; x_wconf 86' lang='lat' dir='ltr'>theatrum</span> <span class='ocrx_word' id='word_1_60' title='bbox 2526 1295 2591 1348; x_wconf 91' lang='lat' dir='ltr'>et</span> 
     </span>
    </p>
   </div>
   <div class='ocr_carea' id='block_1_5' title="bbox 462 1386 1467 1470">
    <p class='ocr_par' dir='ltr' id='par_1_5' title="bbox 462 1386 1467 1470">
     <span class='ocr_line' id='line_1_10' title="bbox 462 1386 1467 1470; baseline -0.001 -20"><span class='ocrx_word' id='word_1_61' title='bbox 462 1387 745 1470; x_wconf 90' lang='lat' dir='ltr'>porticus</span> <span class='ocrx_word' id='word_1_62' title='bbox 775 1388 1025 1450; x_wconf 85' lang='lat' dir='ltr'>nomini</span> <span class='ocrx_word' id='word_1_63' title='bbox 1058 1387 1196 1451; x_wconf 90' lang='lat' dir='ltr'>eius</span> <span class='ocrx_word' id='word_1_64' title='bbox 1234 1386 1467 1449; x_wconf 87' lang='lat' dir='ltr'>dicata.</span> 
     </span>
    </p>
   </div>
   <div class='ocr_carea' id='block_1_6' title="bbox 1213 1580 2691 1645">
    <p class='ocr_par' dir='ltr' id='par_1_6' title="bbox 1213 1580 2691 1645">
     <span class='ocr_line' id='line_1_11' title="bbox 1213 1580 2691 1645; baseline 0 -2"><span class='ocrx_word' id='word_1_65' title='bbox 1213 1580 1342 1643; x_wconf 90' lang='lat' dir='ltr'>EX</span> <span class='ocrx_word' id='word_1_66' title='bbox 1385 1580 1563 1643; x_wconf 91' lang='lat' dir='ltr'>LIB.</span> <span class='ocrx_word' id='word_1_67' title='bbox 1614 1581 1858 1643; x_wconf 92' lang='lat' dir='ltr'>CXLI.</span> <span class='ocrx_word' id='word_1_68' title='bbox 2628 1595 2691 1645; x_wconf 82' lang='grc' dir='ltr'>ιο</span> 
     </span>
    </p>
   </div>
   <div class='ocr_carea' id='block_1_7' title="bbox 464 1739 2695 2229">
    <p class='ocr_par' dir='ltr' id='par_1_7' title="bbox 464 1739 2695 2229">
     <span class='ocr_line' id='line_1_12' title="bbox 465 1739 2594 1823; baseline 0 -21"><span class='ocrx_word' id='word_1_69' title='bbox 465 1740 725 1803; x_wconf 89' lang='lat' dir='ltr'>Bellum</span> <span class='ocrx_word' id='word_1_70' title='bbox 753 1743 1060 1803; x_wconf 87' lang='lat' dir='ltr'>aduersus</span> <span class='ocrx_word' id='word_1_71' title='bbox 1094 1740 1591 1803; x_wconf 84' lang='lat' dir='ltr'>transrhenanas</span> <span class='ocrx_word' id='word_1_72' title='bbox 1634 1750 1857 1823; x_wconf 89' lang='lat' dir='ltr'>gentes</span> <span class='ocrx_word' id='word_1_73' title='bbox 1890 1760 1929 1801; x_wconf 99' lang='lat' dir='ltr'>a</span> <span class='ocrx_word' id='word_1_74' title='bbox 1957 1739 2173 1801; x_wconf 88' lang='lat' dir='ltr'>Druso</span> <span class='ocrx_word' id='word_1_75' title='bbox 2214 1750 2471 1821; x_wconf 88' lang='lat' dir='ltr'>gestum</span> <span class='ocrx_word' id='word_1_76' title='bbox 2500 1763 2594 1803; x_wconf 90' lang='lat' dir='ltr'>re-</span> 
     </span>
     <span class='ocr_line' id='line_1_13' title="bbox 464 1841 2594 1925; baseline 0.001 -23"><span class='ocrx_word' id='word_1_77' title='bbox 464 1841 686 1903; x_wconf 86' lang='lat' dir='ltr'>fertur.</span> <span class='ocrx_word' id='word_1_78' title='bbox 722 1841 790 1902; x_wconf 91' lang='lat' dir='ltr'>in</span> <span class='ocrx_word' id='word_1_79' title='bbox 825 1864 951 1925; x_wconf 90' lang='lat' dir='ltr'>quo</span> <span class='ocrx_word' id='word_1_80' title='bbox 979 1842 1150 1904; x_wconf 89' lang='lat' dir='ltr'>inter</span> <span class='ocrx_word' id='word_1_81' title='bbox 1176 1841 1482 1923; x_wconf 86' lang='lat' dir='ltr'>primores</span> <span class='ocrx_word' id='word_1_82' title='bbox 1512 1850 1972 1924; x_wconf 86' lang='lat' dir='ltr'>pugnauerunt</span> <span class='ocrx_word' id='word_1_83' title='bbox 2004 1841 2496 1905; x_wconf 88' lang='lat' dir='ltr'>Chumstinctus</span> <span class='ocrx_word' id='word_1_84' title='bbox 2530 1852 2594 1905; x_wconf 90' lang='lat' dir='ltr'>et</span> 
     </span>
     <span class='ocr_line' id='line_1_14' title="bbox 464 1941 2593 2009; baseline 0 -4"><span class='ocrx_word' id='word_1_85' title='bbox 464 1941 778 2005; x_wconf 88' lang='lat' dir='ltr'>Auectius</span> <span class='ocrx_word' id='word_1_86' title='bbox 810 1943 1055 2006; x_wconf 88' lang='lat' dir='ltr'>tribuni</span> <span class='ocrx_word' id='word_1_87' title='bbox 1085 1965 1166 2005; x_wconf 87' lang='lat' dir='ltr'>ex</span> <span class='ocrx_word' id='word_1_88' title='bbox 1197 1942 1462 2009; x_wconf 84' lang='lat' dir='ltr'>ciuitate</span> <span class='ocrx_word' id='word_1_89' title='bbox 1495 1942 1909 2005; x_wconf 90' lang='lat' dir='ltr'>Neruiorum.</span> <span class='ocrx_word' id='word_1_90' title='bbox 1960 1943 2296 2005; x_wconf 86' lang='lat' dir='ltr'>Dalmatas</span> <span class='ocrx_word' id='word_1_91' title='bbox 2327 1953 2391 2005; x_wconf 91' lang='lat' dir='ltr'>et</span> <span class='ocrx_word' id='word_1_92' title='bbox 2424 1944 2593 2005; x_wconf 88' lang='lat' dir='ltr'>Pan-</span> 
     </span>
     <span class='ocr_line' id='line_1_15' title="bbox 467 2043 2597 2126; baseline 0.001 -21"><span class='ocrx_word' id='word_1_93' title='bbox 467 2044 695 2107; x_wconf 86' lang='lat' dir='ltr'>nonios</span> <span class='ocrx_word' id='word_1_94' title='bbox 727 2046 904 2107; x_wconf 89' lang='lat' dir='ltr'>Nero</span> <span class='ocrx_word' id='word_1_95' title='bbox 944 2045 1140 2107; x_wconf 86' lang='lat' dir='ltr'>frater</span> <span class='ocrx_word' id='word_1_96' title='bbox 1181 2044 1380 2107; x_wconf 89' lang='lat' dir='ltr'>Drusi</span> <span class='ocrx_word' id='word_1_97' title='bbox 1423 2043 1699 2126; x_wconf 86' lang='lat' dir='ltr'>subegit.</span> <span class='ocrx_word' id='word_1_98' title='bbox 1758 2065 1889 2126; x_wconf 86' lang='lat' dir='ltr'>pax</span> <span class='ocrx_word' id='word_1_99' title='bbox 1932 2066 2082 2107; x_wconf 90' lang='lat' dir='ltr'>cum</span> <span class='ocrx_word' id='word_1_100' title='bbox 2127 2045 2385 2107; x_wconf 88' lang='lat' dir='ltr'>Parthis</span> <span class='ocrx_word' id='word_1_101' title='bbox 2426 2046 2597 2108; x_wconf 85' lang='lat' dir='ltr'>facta</span> 
     </span>
     <span class='ocr_line' id='line_1_16' title="bbox 467 2144 2695 2229; baseline 0.001 -22"><span class='ocrx_word' id='word_1_102' title='bbox 467 2155 563 2207; x_wconf 90' lang='lat' dir='ltr'>est</span> <span class='ocrx_word' id='word_1_103' title='bbox 594 2144 795 2229; x_wconf 90' lang='lat' dir='ltr'>signis</span> <span class='ocrx_word' id='word_1_104' title='bbox 827 2168 865 2208; x_wconf 88' lang='lat' dir='ltr'>a</span> <span class='ocrx_word' id='word_1_105' title='bbox 892 2168 1038 2229; x_wconf 87' lang='lat' dir='ltr'>rege</span> <span class='ocrx_word' id='word_1_106' title='bbox 1069 2167 1322 2221; x_wconf 89' lang='lat' dir='ltr'>eorum,</span> <span class='ocrx_word' id='word_1_107' title='bbox 1358 2168 1521 2228; x_wconf 88' lang='lat' dir='ltr'>quae</span> <span class='ocrx_word' id='word_1_108' title='bbox 1553 2148 1672 2209; x_wconf 89' lang='lat' dir='ltr'>sub</span> <span class='ocrx_word' id='word_1_109' title='bbox 1704 2147 1935 2210; x_wconf 86' lang='lat' dir='ltr'>Crasso</span> <span class='ocrx_word' id='word_1_110' title='bbox 1966 2157 2030 2209; x_wconf 86' lang='lat' dir='ltr'>et</span> <span class='ocrx_word' id='word_1_111' title='bbox 2060 2157 2281 2229; x_wconf 90' lang='lat' dir='ltr'>postea</span> <span class='ocrx_word' id='word_1_112' title='bbox 2312 2148 2432 2210; x_wconf 89' lang='lat' dir='ltr'>sub</span> <span class='ocrx_word' id='word_1_113' title='bbox 2462 2150 2596 2210; x_wconf 90' lang='lat' dir='ltr'>An·</span> <span class='ocrx_word' id='word_1_114' title='bbox 2632 2159 2695 2209; x_wconf 81' lang='lat'>15</span> 
     </span>
    </p>
   </div>
   <div class='ocr_carea' id='block_1_8' title="bbox 470 2246 1435 2330">
    <p class='ocr_par' dir='ltr' id='par_1_8' title="bbox 470 2246 1435 2330">
     <span class='ocr_line' id='line_1_17' title="bbox 470 2246 1435 2330; baseline 0.002 -21"><span class='ocrx_word' id='word_1_115' title='bbox 470 2246 646 2309; x_wconf 85' lang='lat' dir='ltr'>tom’o</span> <span class='ocrx_word' id='word_1_116' title='bbox 677 2259 866 2330; x_wconf 88' lang='lat' dir='ltr'>capta</span> <span class='ocrx_word' id='word_1_117' title='bbox 881 2258 1110 2324; x_wconf 76' lang='lat' dir='ltr'>erant,</span> <span class='ocrx_word' id='word_1_118' title='bbox 1147 2248 1435 2311; x_wconf 87' lang='lat' dir='ltr'>redditis.</span> 
     </span>
    </p>
   </div>
   <div class='ocr_carea' id='block_1_9' title="bbox 1233 2443 1920 2508">
    <p class='ocr_par' dir='ltr' id='par_1_9' title="bbox 1233 2443 1920 2508">
     <span class='ocr_line' id='line_1_18' title="bbox 1233 2443 1920 2508; baseline -0.001 -2"><span class='ocrx_word' id='word_1_119' title='bbox 1233 2443 1363 2506; x_wconf 90' lang='lat' dir='ltr'>EX</span> <span class='ocrx_word' id='word_1_120' title='bbox 1407 2443 1585 2506; x_wconf 93' lang='lat' dir='ltr'>LIB.</span> <span class='ocrx_word' id='word_1_121' title='bbox 1637 2443 1920 2508; x_wconf 90' lang='lat' dir='ltr'>CXLII.</span> 
     </span>
    </p>
   </div>
   <div class='ocr_carea' id='block_1_10' title="bbox 468 2584 2596 2686">
    <p class='ocr_par' dir='ltr' id='par_1_10' title="bbox 468 2584 2596 2686">
     <span class='ocr_line' id='line_1_19' title="bbox 468 2584 2596 2686; baseline 0.002 -24"><span class='ocrx_word' id='word_1_122' title='bbox 468 2600 726 2663; x_wconf 89' lang='lat' dir='ltr'>Bellum</span> <span class='ocrx_word' id='word_1_123' title='bbox 755 2603 1065 2666; x_wconf 88' lang='lat' dir='ltr'>aduersus</span> <span class='ocrx_word' id='word_1_124' title='bbox 1097 2603 1570 2666; x_wconf 88' lang='lat' dir='ltr'>Germanorum</span> <span class='ocrx_word' id='word_1_125' title='bbox 1613 2613 1787 2666; x_wconf 88' lang='lat' dir='ltr'>trans</span> <span class='ocrx_word' id='word_1_126' title='bbox 1819 2584 2130 2666; x_wconf 73' lang='lat' dir='ltr'>Rhenum</span> <span class='ocrx_word' id='word_1_127' title='bbox 2160 2602 2459 2667; x_wconf 89' lang='lat' dir='ltr'>ciuitates</span> <span class='ocrx_word' id='word_1_128' title='bbox 2488 2626 2596 2686; x_wconf 92' lang='lat' dir='ltr'>ge-</span> 
     </span>
    </p>
   </div>
   <div class='ocr_carea' id='block_1_11' title="bbox 462 2697 2699 2888">
    <p class='ocr_par' dir='ltr' id='par_1_11' title="bbox 462 2697 2699 2888">
     <span class='ocr_line' id='line_1_20' title="bbox 462 2697 2597 2787; baseline 0.002 -23"><span class='ocrx_word' id='word_1_129' title='bbox 462 2711 644 2764; x_wconf 78' lang='lat' dir='ltr'>stum</span> <span class='ocrx_word' id='word_1_130' title='bbox 675 2725 714 2765; x_wconf 87' lang='lat' dir='ltr'>a</span> <span class='ocrx_word' id='word_1_131' title='bbox 742 2704 956 2767; x_wconf 89' lang='lat' dir='ltr'>Druso</span> <span class='ocrx_word' id='word_1_132' title='bbox 1000 2704 1293 2766; x_wconf 90' lang='lat' dir='ltr'>refertur.</span> <span class='ocrx_word' id='word_1_133' title='bbox 1362 2703 1500 2786; x_wconf 90' lang='lat' dir='ltr'>ipse</span> <span class='ocrx_word' id='word_1_134' title='bbox 1543 2725 1625 2766; x_wconf 83' lang='lat' dir='ltr'>ex</span> <span class='ocrx_word' id='word_1_135' title='bbox 1668 2697 1978 2781; x_wconf 83' lang='lat' dir='ltr'>fractura,</span> <span class='ocrx_word' id='word_1_136' title='bbox 2038 2727 2203 2787; x_wconf 90' lang='lat' dir='ltr'>equo</span> <span class='ocrx_word' id='word_1_137' title='bbox 2234 2726 2423 2787; x_wconf 90' lang='lat' dir='ltr'>super</span> <span class='ocrx_word' id='word_1_138' title='bbox 2452 2727 2597 2768; x_wconf 91' lang='lat' dir='ltr'>crus</span> 
     </span>
     <span class='ocr_line' id='line_1_21' title="bbox 471 2803 2699 2888; baseline 0.002 -23"><span class='ocrx_word' id='word_1_139' title='bbox 471 2803 605 2866; x_wconf 90' lang='lat' dir='ltr'>eius</span> <span class='ocrx_word' id='word_1_140' title='bbox 658 2805 996 2888; x_wconf 88' lang='lat' dir='ltr'>conlapso‚</span> <span class='ocrx_word' id='word_1_141' title='bbox 1061 2804 1381 2869; x_wconf 83' lang='lat' dir='ltr'>tricesimo</span> <span class='ocrx_word' id='word_1_142' title='bbox 1424 2805 1529 2868; x_wconf 90' lang='lat' dir='ltr'>die</span> <span class='ocrx_word' id='word_1_143' title='bbox 1570 2828 1765 2888; x_wconf 89' lang='lat' dir='ltr'>quam</span> <span class='ocrx_word' id='word_1_144' title='bbox 1808 2806 1877 2869; x_wconf 92' lang='lat' dir='ltr'>id</span> <span class='ocrx_word' id='word_1_145' title='bbox 1920 2806 2237 2870; x_wconf 83' lang='lat' dir='ltr'>acciderat</span> <span class='ocrx_word' id='word_1_146' title='bbox 2279 2818 2593 2870; x_wconf 66' lang='lat' dir='ltr'>mortuus„</span> <span class='ocrx_word' id='word_1_147' title='bbox 2630 2819 2699 2869; x_wconf 86' lang='lat'>20</span> 
     </span>
    </p>
   </div>
   <div class='ocr_carea' id='block_1_12' title="bbox 470 2907 2597 3297">
    <p class='ocr_par' dir='ltr' id='par_1_12' title="bbox 470 2907 2597 3297">
     <span class='ocr_line' id='line_1_22' title="bbox 470 2907 2597 2990; baseline 0.001 -22"><span class='ocrx_word' id='word_1_148' title='bbox 470 2926 699 2988; x_wconf 88' lang='lat' dir='ltr'>corpus</span> <span class='ocrx_word' id='word_1_149' title='bbox 747 2927 786 2967; x_wconf 88' lang='lat' dir='ltr'>a</span> <span class='ocrx_word' id='word_1_150' title='bbox 827 2907 1088 2971; x_wconf 90' lang='lat' dir='ltr'>Nerone</span> <span class='ocrx_word' id='word_1_151' title='bbox 1139 2907 1331 2970; x_wconf 85' lang='lat' dir='ltr'>fratre</span> <span class='ocrx_word' id='word_1_152' title='bbox 1349 2955 1368 2982; x_wconf 95' lang='lat'><strong><em>,</em></strong></span> <span class='ocrx_word' id='word_1_153' title='bbox 1415 2907 1528 2990; x_wconf 92' lang='lat' dir='ltr'>qui</span> <span class='ocrx_word' id='word_1_154' title='bbox 1570 2907 1802 2970; x_wconf 89' lang='lat' dir='ltr'>nuntio</span> <span class='ocrx_word' id='word_1_155' title='bbox 1844 2907 2241 2972; x_wconf 86' lang='lat' dir='ltr'>ualetudinis</span> <span class='ocrx_word' id='word_1_156' title='bbox 2290 2919 2597 2971; x_wconf 87' lang='lat' dir='ltr'>euocatus</span> 
     </span>
     <span class='ocr_line' id='line_1_23' title="bbox 470 3007 2592 3092; baseline 0.001 -23"><span class='ocrx_word' id='word_1_157' title='bbox 470 3007 706 3090; x_wconf 88' lang='lat' dir='ltr'>raptim</span> <span class='ocrx_word' id='word_1_158' title='bbox 739 3009 1186 3073; x_wconf 86' lang='lat' dir='ltr'>adcucurrerat</span> <span class='ocrx_word' id='word_1_159' title='bbox 1202 3057 1222 3087; x_wconf 89' lang='lat'><strong><em>,</em></strong></span> <span class='ocrx_word' id='word_1_160' title='bbox 1287 3010 1568 3072; x_wconf 87' lang='lat' dir='ltr'>Romam</span> <span class='ocrx_word' id='word_1_161' title='bbox 1606 3020 1982 3092; x_wconf 90' lang='lat' dir='ltr'>peruectum</span> <span class='ocrx_word' id='word_1_162' title='bbox 2027 3021 2091 3073; x_wconf 88' lang='lat' dir='ltr'>et</span> <span class='ocrx_word' id='word_1_163' title='bbox 2120 3009 2191 3072; x_wconf 90' lang='lat' dir='ltr'>in</span> <span class='ocrx_word' id='word_1_164' title='bbox 2222 3010 2473 3073; x_wconf 90' lang='lat' dir='ltr'>tumulo</span> <span class='ocrx_word' id='word_1_165' title='bbox 2517 3010 2592 3073; x_wconf 95' lang='lat' dir='ltr'>C.</span> 
     </span>
     <span class='ocr_line' id='line_1_24' title="bbox 474 3109 2596 3194; baseline 0 -22"><span class='ocrx_word' id='word_1_166' title='bbox 474 3109 606 3172; x_wconf 89' lang='lat' dir='ltr'>Iuli</span> <span class='ocrx_word' id='word_1_167' title='bbox 635 3110 1058 3174; x_wconf 85' lang='lat' dir='ltr'>reconditum.</span> <span class='ocrx_word' id='word_1_168' title='bbox 1138 3113 1439 3176; x_wconf 90' lang='lat' dir='ltr'>laudatus</span> <span class='ocrx_word' id='word_1_169' title='bbox 1485 3121 1583 3174; x_wconf 87' lang='lat' dir='ltr'>est</span> <span class='ocrx_word' id='word_1_170' title='bbox 1620 3133 1659 3174; x_wconf 89' lang='lat' dir='ltr'>a</span> <span class='ocrx_word' id='word_1_171' title='bbox 1701 3112 1971 3174; x_wconf 86' lang='lat' dir='ltr'>Caesare</span> <span class='ocrx_word' id='word_1_172' title='bbox 1999 3111 2301 3194; x_wconf 89' lang='lat' dir='ltr'>Augusto</span> <span class='ocrx_word' id='word_1_173' title='bbox 2344 3111 2596 3189; x_wconf 91' lang='lat' dir='ltr'>uitrico,</span> 
     </span>
     <span class='ocr_line' id='line_1_25' title="bbox 473 3212 1785 3297; baseline 0.001 -23"><span class='ocrx_word' id='word_1_174' title='bbox 473 3222 537 3274; x_wconf 86' lang='lat' dir='ltr'>et</span> <span class='ocrx_word' id='word_1_175' title='bbox 565 3213 876 3295; x_wconf 87' lang='lat' dir='ltr'>supremis</span> <span class='ocrx_word' id='word_1_176' title='bbox 907 3212 1046 3276; x_wconf 90' lang='lat' dir='ltr'>eius</span> <span class='ocrx_word' id='word_1_177' title='bbox 1075 3214 1292 3297; x_wconf 91' lang='lat' dir='ltr'>plures</span> <span class='ocrx_word' id='word_1_178' title='bbox 1323 3215 1597 3278; x_wconf 90' lang='lat' dir='ltr'>honores</span> <span class='ocrx_word' id='word_1_179' title='bbox 1628 3212 1785 3277; x_wconf 88' lang='lat' dir='ltr'>dati.</span> 
     </span>
    </p>
   </div>
   <div class='ocr_carea' id='block_1_13' title="bbox 471 3449 2609 4050">
    <p class='ocr_par' dir='ltr' id='par_1_13' title="bbox 471 3449 2609 4050">
     <span class='ocr_line' id='line_1_26' title="bbox 477 3449 2601 3524; baseline 0 -23"><span class='ocrx_word' id='word_1_180' title='bbox 477 3453 500 3502; x_wconf 88' lang='lat'>1</span> <span class='ocrx_word' id='word_1_181' title='bbox 531 3449 860 3524; x_wconf 82' lang='lat' dir='ltr'>compositus</span> <span class='ocrx_word' id='word_1_182' title='bbox 889 3466 954 3512; x_wconf 82' lang='grc' dir='ltr'>ςν</span> <span class='ocrx_word' id='word_1_183' title='bbox 979 3449 997 3519; x_wconf 84' lang='grc' dir='ltr'>ΙΙ</span> <span class='ocrx_word' id='word_1_184' title='bbox 1022 3449 1140 3510; x_wconf 85' lang='lat' dir='ltr'>ardi</span> <span class='ocrx_word' id='word_1_185' title='bbox 1161 3461 1246 3512; x_wconf 78' lang='grc' dir='ltr'>Νς</span> <span class='ocrx_word' id='word_1_186' title='bbox 1271 3450 1289 3519; x_wconf 79' lang='grc' dir='ltr'>ΙΙ</span> <span class='ocrx_word' id='word_1_187' title='bbox 1317 3453 1347 3502; x_wconf 87' lang='grc'><strong>2</strong></span> <span class='ocrx_word' id='word_1_188' title='bbox 1384 3451 1573 3502; x_wconf 82' lang='lat' dir='ltr'>Araris</span> <span class='ocrx_word' id='word_1_189' title='bbox 1607 3449 1895 3503; x_wconf 57' lang='lat' dir='ltr'>Ascanius</span> <span class='ocrx_word' id='word_1_190' title='bbox 1912 3471 1931 3502; x_wconf 94' lang='lat'>.·</span> <span class='ocrx_word' id='word_1_191' title='bbox 1971 3450 2134 3504; x_wconf 85' lang='lat' dir='ltr'>maris</span> <span class='ocrx_word' id='word_1_192' title='bbox 2170 3462 2287 3513; x_wconf 77' lang='grc' dir='ltr'>Νςν</span> <span class='ocrx_word' id='word_1_193' title='bbox 2310 3449 2328 3519; x_wconf 75' lang='lat' dir='ltr'>ss</span> <span class='ocrx_word' id='word_1_194' title='bbox 2355 3450 2601 3503; x_wconf 79' lang='lat' dir='ltr'>sacerdo-</span> 
     </span>
     <span class='ocr_line' id='line_1_27' title="bbox 471 3526 2605 3601; baseline -0 -18"><span class='ocrx_word' id='word_1_195' title='bbox 471 3535 635 3598; x_wconf 85' lang='lat' dir='ltr'>teque</span> <span class='ocrx_word' id='word_1_196' title='bbox 659 3545 691 3579; x_wconf 83' lang='lat' dir='ltr'>r</span> <span class='ocrx_word' id='word_1_197' title='bbox 715 3526 734 3597; x_wconf 76' lang='grc'>11</span> <span class='ocrx_word' id='word_1_198' title='bbox 761 3531 792 3580; x_wconf 86' lang='grc'><strong><em>3</em></strong></span> <span class='ocrx_word' id='word_1_199' title='bbox 815 3527 1137 3580; x_wconf 87' lang='lat' dir='ltr'>uercondari</span> <span class='ocrx_word' id='word_1_200' title='bbox 1173 3527 1340 3581; x_wconf 89' lang='lat' dir='ltr'>dubio</span> <span class='ocrx_word' id='word_1_201' title='bbox 1378 3546 1445 3591; x_wconf 75' lang='grc' dir='ltr'>ςν</span> <span class='ocrx_word' id='word_1_202' title='bbox 1469 3529 1486 3598; x_wconf 79' lang='grc' dir='ltr'>ΙΙ</span> <span class='ocrx_word' id='word_1_203' title='bbox 1515 3529 1719 3582; x_wconf 88' lang='lat' dir='ltr'>Heduo</span> <span class='ocrx_word' id='word_1_204' title='bbox 1752 3547 1783 3581; x_wconf 85' lang='lat' dir='ltr'>r</span> <span class='ocrx_word' id='word_1_205' title='bbox 1808 3529 1825 3599; x_wconf 79' lang='grc' dir='ltr'>ΙΙ</span> <span class='ocrx_word' id='word_1_206' title='bbox 1855 3534 1885 3582; x_wconf 89' lang='grc'>5</span> <span class='ocrx_word' id='word_1_207' title='bbox 1924 3529 2179 3600; x_wconf 88' lang='lat' dir='ltr'>caepione</span> <span class='ocrx_word' id='word_1_208' title='bbox 2214 3541 2298 3592; x_wconf 84' lang='grc' dir='ltr'>Νς</span> <span class='ocrx_word' id='word_1_209' title='bbox 2322 3529 2339 3601; x_wconf 89' lang='grc' dir='ltr'>ΙΙ</span> <span class='ocrx_word' id='word_1_210' title='bbox 2366 3529 2605 3583; x_wconf 90' lang='lat' dir='ltr'>cherusti</span> 
     </span>
     <span class='ocr_line' id='line_1_28' title="bbox 471 3602 2606 3676; baseline 0.001 -20"><span class='ocrx_word' id='word_1_211' title='bbox 471 3614 523 3656; x_wconf 83' lang='grc' dir='ltr'><strong><em>Ν</em></strong></span> <span class='ocrx_word' id='word_1_212' title='bbox 543 3602 561 3672; x_wconf 72' lang='grc' dir='ltr'>ΙΙ</span> <span class='ocrx_word' id='word_1_213' title='bbox 587 3602 837 3657; x_wconf 84' lang='lat' dir='ltr'>Tencteri</span> <span class='ocrx_word' id='word_1_214' title='bbox 869 3603 1172 3657; x_wconf 73' lang='lat' dir='ltr'>Gronouius</span> <span class='ocrx_word' id='word_1_215' title='bbox 1188 3624 1206 3654; x_wconf 77' lang='lat'>.-</span> <span class='ocrx_word' id='word_1_216' title='bbox 1249 3604 1498 3658; x_wconf 90' lang='lat' dir='ltr'>cenchrei</span> <span class='ocrx_word' id='word_1_217' title='bbox 1520 3617 1637 3668; x_wconf 74' lang='grc' dir='ltr'>Νςν</span> <span class='ocrx_word' id='word_1_218' title='bbox 1661 3607 1679 3676; x_wconf 85' lang='grc' dir='ltr'>ΙΙ</span> <span class='ocrx_word' id='word_1_219' title='bbox 1708 3609 1739 3657; x_wconf 87' lang='grc'><strong>6</strong></span> <span class='ocrx_word' id='word_1_220' title='bbox 1763 3612 1873 3658; x_wconf 84' lang='lat' dir='ltr'>tras</span> <span class='ocrx_word' id='word_1_221' title='bbox 1896 3618 1948 3658; x_wconf 83' lang='grc' dir='ltr'><em>Ν</em></span> <span class='ocrx_word' id='word_1_222' title='bbox 1967 3607 1985 3676; x_wconf 74' lang='grc' dir='ltr'>ΙΙ</span> <span class='ocrx_word' id='word_1_223' title='bbox 2013 3609 2044 3658; x_wconf 89' lang='grc'>9</span> <span class='ocrx_word' id='word_1_224' title='bbox 2068 3605 2303 3660; x_wconf 85' lang='lat' dir='ltr'>nominis</span> <span class='ocrx_word' id='word_1_225' title='bbox 2335 3617 2421 3669; x_wconf 78' lang='grc' dir='ltr'>Νς</span> <span class='ocrx_word' id='word_1_226' title='bbox 2444 3605 2463 3676; x_wconf 77' lang='lat' dir='ltr'>ss</span> <span class='ocrx_word' id='word_1_227' title='bbox 2489 3606 2606 3659; x_wconf 84' lang='lat' dir='ltr'>eius</span> 
     </span>
     <span class='ocr_line' id='line_1_29' title="bbox 476 3680 2607 3752; baseline 0 -18"><span class='ocrx_word' id='word_1_228' title='bbox 476 3682 682 3735; x_wconf 90' lang='lat' dir='ltr'>nomini</span> <span class='ocrx_word' id='word_1_229' title='bbox 709 3700 740 3734; x_wconf 85' lang='lat' dir='ltr'>r</span> <span class='ocrx_word' id='word_1_230' title='bbox 765 3683 782 3750; x_wconf 74' lang='lat' dir='ltr'>u</span> <span class='ocrx_word' id='word_1_231' title='bbox 809 3681 1028 3734; x_wconf 88' lang='lat' dir='ltr'>nomine</span> <span class='ocrx_word' id='word_1_232' title='bbox 1053 3681 1171 3735; x_wconf 84' lang='lat' dir='ltr'>eius</span> <span class='ocrx_word' id='word_1_233' title='bbox 1207 3681 1454 3734; x_wconf 84' lang='lat' dir='ltr'>dedicata</span> <span class='ocrx_word' id='word_1_234' title='bbox 1493 3682 1744 3752; x_wconf 72' lang='lat' dir='ltr'>Siqonius</span> <span class='ocrx_word' id='word_1_235' title='bbox 1771 3682 1788 3749; x_wconf 81' lang='grc' dir='ltr'>ΙΙ</span> <span class='ocrx_word' id='word_1_236' title='bbox 1821 3686 1877 3734; x_wconf 83' lang='grc'>11</span> <span class='ocrx_word' id='word_1_237' title='bbox 1920 3690 2109 3736; x_wconf 88' lang='lat' dir='ltr'>contra</span> <span class='ocrx_word' id='word_1_238' title='bbox 2132 3700 2163 3735; x_wconf 88' lang='lat' dir='ltr'>r</span> <span class='ocrx_word' id='word_1_239' title='bbox 2186 3683 2206 3752; x_wconf 83' lang='grc' dir='ltr'>ΙΙ</span> <span class='ocrx_word' id='word_1_240' title='bbox 2238 3685 2299 3744; x_wconf 79' lang='grc'>12</span> <span class='ocrx_word' id='word_1_241' title='bbox 2338 3680 2401 3736; x_wconf 87' lang='grc' dir='ltr'>Τ.</span> <span class='ocrx_word' id='word_1_242' title='bbox 2444 3681 2607 3735; x_wconf 85' lang='lat' dir='ltr'>Sene-</span> 
     </span>
     <span class='ocr_line' id='line_1_30' title="bbox 477 3760 2609 3832; baseline -0.001 -17"><span class='ocrx_word' id='word_1_243' title='bbox 477 3761 617 3815; x_wconf 86' lang='lat' dir='ltr'>ctius</span> <span class='ocrx_word' id='word_1_244' title='bbox 655 3780 687 3814; x_wconf 84' lang='lat' dir='ltr'>r</span> <span class='ocrx_word' id='word_1_245' title='bbox 711 3761 730 3832; x_wconf 84' lang='grc' dir='ltr'>ΙΙ</span> <span class='ocrx_word' id='word_1_246' title='bbox 761 3764 822 3814; x_wconf 86' lang='grc'>13</span> <span class='ocrx_word' id='word_1_247' title='bbox 847 3760 1111 3814; x_wconf 81' lang='lat' dir='ltr'>Auectius</span> <span class='ocrx_word' id='word_1_248' title='bbox 1135 3760 1342 3815; x_wconf 88' lang='lat' dir='ltr'>tribuni</span> <span class='ocrx_word' id='word_1_249' title='bbox 1380 3760 1619 3814; x_wconf 85' lang='lat' dir='ltr'>ciuitatis</span> <span class='ocrx_word' id='word_1_250' title='bbox 1644 3779 1675 3814; x_wconf 88' lang='lat' dir='ltr'>r</span> <span class='ocrx_word' id='word_1_251' title='bbox 1700 3762 1718 3832; x_wconf 83' lang='lat' dir='ltr'>ss</span> <span class='ocrx_word' id='word_1_252' title='bbox 1751 3764 1811 3813; x_wconf 89' lang='grc'>19</span> <span class='ocrx_word' id='word_1_253' title='bbox 1828 3766 1893 3814; x_wconf 85' lang='lat' dir='ltr'>et</span> <span class='ocrx_word' id='word_1_254' title='bbox 1914 3772 1965 3813; x_wconf 79' lang='lat' dir='ltr'><strong><em>N</em></strong></span> <span class='ocrx_word' id='word_1_255' title='bbox 1986 3761 2002 3826; x_wconf 84' lang='grc' dir='ltr'>ΙΙ</span> <span class='ocrx_word' id='word_1_256' title='bbox 2030 3763 2096 3812; x_wconf 83' lang='grc'>20</span> <span class='ocrx_word' id='word_1_257' title='bbox 2120 3767 2329 3814; x_wconf 82' lang='lat' dir='ltr'>mortus</span> <span class='ocrx_word' id='word_1_258' title='bbox 2352 3771 2405 3812; x_wconf 79' lang='grc' dir='ltr'><em>Ν</em></span> <span class='ocrx_word' id='word_1_259' title='bbox 2424 3761 2443 3831; x_wconf 67' lang='lat'>1}</span> <span class='ocrx_word' id='word_1_260' title='bbox 2467 3777 2609 3813; x_wconf 86' lang='lat' dir='ltr'>mor-</span> 
     </span>
     <span class='ocr_line' id='line_1_31' title="bbox 476 3837 2609 3912; baseline -0.002 -18"><span class='ocrx_word' id='word_1_261' title='bbox 476 3847 606 3894; x_wconf 84' lang='lat' dir='ltr'>tuus</span> <span class='ocrx_word' id='word_1_262' title='bbox 631 3848 714 3894; x_wconf 87' lang='lat' dir='ltr'>est</span> <span class='ocrx_word' id='word_1_263' title='bbox 738 3858 769 3892; x_wconf 88' lang='lat' dir='ltr'>r</span> <span class='ocrx_word' id='word_1_264' title='bbox 793 3840 812 3912; x_wconf 76' lang='lat' dir='ltr'>ss</span> <span class='ocrx_word' id='word_1_265' title='bbox 840 3843 903 3893; x_wconf 84' lang='lat'>22</span> <span class='ocrx_word' id='word_1_266' title='bbox 924 3846 1229 3893; x_wconf 84' lang='lat' dir='ltr'>accurrerat</span> <span class='ocrx_word' id='word_1_267' title='bbox 1254 3858 1320 3902; x_wconf 81' lang='grc' dir='ltr'>ςν</span> <span class='ocrx_word' id='word_1_268' title='bbox 1345 3838 1364 3908; x_wconf 77' lang='grc' dir='ltr'>ΙΙ</span> <span class='ocrx_word' id='word_1_269' title='bbox 1388 3846 1670 3892; x_wconf 89' lang='lat' dir='ltr'>reuectum</span> <span class='ocrx_word' id='word_1_270' title='bbox 1695 3857 1727 3892; x_wconf 86' lang='lat' dir='ltr'>r</span> <span class='ocrx_word' id='word_1_271' title='bbox 1752 3841 1770 3910; x_wconf 80' lang='grc' dir='ltr'>ΙΙ</span> <span class='ocrx_word' id='word_1_272' title='bbox 1797 3838 1858 3892; x_wconf 88' lang='lat' dir='ltr'>C.</span> <span class='ocrx_word' id='word_1_273' title='bbox 1887 3838 2017 3891; x_wconf 88' lang='lat' dir='ltr'>Iulii</span> <span class='ocrx_word' id='word_1_274' title='bbox 2042 3837 2255 3890; x_wconf 89' lang='lat' dir='ltr'>tumulo</span> <span class='ocrx_word' id='word_1_275' title='bbox 2290 3856 2322 3890; x_wconf 83' lang='lat' dir='ltr'>r</span> <span class='ocrx_word' id='word_1_276' title='bbox 2346 3838 2363 3908; x_wconf 80' lang='grc'>11</span> <span class='ocrx_word' id='word_1_277' title='bbox 2392 3842 2457 3891; x_wconf 83' lang='grc'>23</span> <span class='ocrx_word' id='word_1_278' title='bbox 2484 3855 2609 3890; x_wconf 85' lang='lat' dir='ltr'>con-</span> 
     </span>
     <span class='ocr_line' id='line_1_32' title="bbox 479 3915 2603 3994; baseline -0.001 -24"><span class='ocrx_word' id='word_1_279' title='bbox 479 3919 652 3971; x_wconf 88' lang='lat' dir='ltr'>ditum</span> <span class='ocrx_word' id='word_1_280' title='bbox 679 3937 744 3982; x_wconf 78' lang='grc' dir='ltr'>ςν</span> <span class='ocrx_word' id='word_1_281' title='bbox 769 3918 786 3988; x_wconf 81' lang='grc' dir='ltr'>ΙΙ</span> <span class='ocrx_word' id='word_1_282' title='bbox 815 3925 898 3971; x_wconf 82' lang='lat' dir='ltr'>est</span> <span class='ocrx_word' id='word_1_283' title='bbox 919 3937 1003 3970; x_wconf 91' lang='lat' dir='ltr'>om</span> <span class='ocrx_word' id='word_1_284' title='bbox 1024 3935 1055 3968; x_wconf 85' lang='lat' dir='ltr'>r</span> <span class='ocrx_word' id='word_1_285' title='bbox 1081 3917 1097 3988; x_wconf 81' lang='grc' dir='ltr'>[Ι</span> <span class='ocrx_word' id='word_1_286' title='bbox 1126 3921 1191 3970; x_wconf 83' lang='grc'>24</span> <span class='ocrx_word' id='word_1_287' title='bbox 1216 3917 1362 3972; x_wconf 82' lang='lat' dir='ltr'>illius</span> <span class='ocrx_word' id='word_1_288' title='bbox 1386 3917 1668 3972; x_wconf 80' lang='lat' dir='ltr'>funeribus</span> <span class='ocrx_word' id='word_1_289' title='bbox 1684 3935 1715 3970; x_wconf 88' lang='lat' dir='ltr'>r</span> <span class='ocrx_word' id='word_1_290' title='bbox 1740 3918 1777 3994; x_wconf 35' lang='grc' dir='ltr'>ΙΙ.</span> <span class='ocrx_word' id='word_1_291' title='bbox 1786 3915 1939 3970; x_wconf 86' lang='lat' dir='ltr'>dedit</span> <span class='ocrx_word' id='word_1_292' title='bbox 1956 3933 2021 3979; x_wconf 81' lang='grc' dir='ltr'>ςν</span> <span class='ocrx_word' id='word_1_293' title='bbox 2046 3915 2065 3985; x_wconf 83' lang='grc' dir='ltr'>ΙΙ</span> <span class='ocrx_word' id='word_1_294' title='bbox 2090 3927 2210 3969; x_wconf 79' lang='grc' dir='ltr'><strong>ΤΙΤΙ</strong></span> <span class='ocrx_word' id='word_1_295' title='bbox 2235 3927 2603 3969; x_wconf 78' lang='lat' dir='ltr'>1.1v·1·PER10-</span> 
     </span>
     <span class='ocr_line' id='line_1_33' title="bbox 479 4006 2609 4050; baseline -0 -2"><span class='ocrx_word' id='word_1_296' title='bbox 479 4009 651 4049; x_wconf 82' lang='lat' dir='ltr'>CHAE·</span> <span class='ocrx_word' id='word_1_297' title='bbox 682 4008 938 4050; x_wconf 78' lang='lat' dir='ltr'>OMNIVM-</span> <span class='ocrx_word' id='word_1_298' title='bbox 967 4009 1286 4050; x_wconf 72' lang='lat' dir='ltr'>LIBRonu·</span> <span class='ocrx_word' id='word_1_299' title='bbox 1333 4009 1407 4050; x_wconf 80' lang='lat' dir='ltr'>AB</span> <span class='ocrx_word' id='word_1_300' title='bbox 1429 4009 1581 4050; x_wconf 79' lang='lat' dir='ltr'><strong>VRBE</strong></span> <span class='ocrx_word' id='word_1_301' title='bbox 1606 4009 1860 4050; x_wconf 80' lang='lat' dir='ltr'>CONDITA</span> <span class='ocrx_word' id='word_1_302' title='bbox 1882 4007 2178 4049; x_wconf 75' lang='lat' dir='ltr'><strong>EXPLICIT·</strong></span> <span class='ocrx_word' id='word_1_303' title='bbox 2206 4007 2361 4050; x_wconf 78' lang='lat' dir='ltr'>LEGE</span> <span class='ocrx_word' id='word_1_304' title='bbox 2389 4006 2609 4050; x_wconf 77' lang='lat' dir='ltr'>FELICI-</span> 
     </span>
    </p>
   </div>
   <div class='ocr_carea' id='block_1_14' title="bbox 480 4074 1046 4144">
    <p class='ocr_par' dir='ltr' id='par_1_14' title="bbox 480 4074 1046 4144">
     <span class='ocr_line' id='line_1_34' title="bbox 480 4074 1046 4144; baseline -0.002 -17"><span class='ocrx_word' id='word_1_305' title='bbox 480 4087 593 4127; x_wconf 71' lang='lat' dir='ltr'>rmt</span> <span class='ocrx_word' id='word_1_306' title='bbox 624 4089 778 4128; x_wconf 69' lang='lat' dir='ltr'>nono</span> <span class='ocrx_word' id='word_1_307' title='bbox 803 4088 932 4134; x_wconf 71' lang='lat' dir='ltr'>‘tvo-</span> <span class='ocrx_word' id='word_1_308' title='bbox 959 4074 1046 4144; x_wconf 74' lang='lat' dir='ltr'>Nn</span> 
     </span>
    </p>
   </div>
  </div>
 </body>
</html>
