3052 4823
515 310 635 372 136
1251 328 1425 376 lvnu
1455 329 1702 376 osssnov
1708 329 1902 370 Eurrs

505 481 579 542 in
631 480 904 543 sublime
957 481 1236 542 auolare.
1311 478 1446 563 ipse
1499 478 1873 542 adulescens
1921 477 2265 573 Pompeius
2311 478 2527 542 uictus
2570 491 2635 544 et

503 582 758 667 fugiens
789 583 1060 647 occisus·

362 785 436 842 67
510 787 586 850 C.
638 787 909 850 Caesare
954 788 1050 850 M.
1099 785 1384 849 Antonio
1428 807 1590 850 coss.
1665 784 1923 849 Caesari
1964 785 2261 849 dictatori
2304 797 2455 848 exta
2498 786 2634 850 sine

292 865 469 951 [¹27]
505 890 692 951 corde
721 889 1012 952 inuenta.
1061 887 1416 972 Calpurnia
1447 909 1607 952 uxor
1631 889 1981 952 somniauit
2008 889 2343 972 fastigium
2373 889 2624 965 domus,

506 993 674 1072 quod
709 990 834 1054 SC.
871 1001 1006 1054 erat
1035 991 1381 1067 adiectum,
1415 991 1640 1054 ruisse.
1690 1003 1879 1054 nocte
1910 1015 2059 1055 cum
2086 993 2323 1055 ualuae
2351 990 2638 1054 cubiculi
2672 1004 2703 1053 5

503 1093 758 1155 clausae
789 1104 1039 1169 essent,
1087 1115 1205 1156 sua
1234 1103 1462 1176 sponte
1493 1105 1749 1176 apertae
1782 1104 1967 1169 sunt,
2016 1094 2107 1156 ita
2155 1105 2230 1157 ut
2270 1094 2463 1156 lunae
2504 1093 2629 1155 ful-

503 1216 654 1277 gore
685 1194 798 1276 qui
826 1195 997 1258 intro
1037 1205 1304 1258 uenerat
1348 1195 1699 1310 Calpurnia
1746 1195 2153 1258 excitaretur.
2214 1195 2350 1279 ipse
2396 1197 2629 1260 Caesar

503 1295 742 1378 uiginti
771 1296 978 1362 tribus
1008 1295 1436 1412 uulneribus
1418 1319 1490 1359 111
1535 1297 1713 1360 curia
1756 1296 2155 1381 Pompeiana
2195 1321 2233 1361 a
2278 1298 2627 1362 coniuratis

501 1398 853 1462 confossus.

359 1613 435 1670 68
508 1605 604 1666 Μ.
654 1605 942 1668 Antonio
1001 1606 1078 1668 P.
1130 1605 1468 1668 Dolabella
1506 1628 1667 1669 coss·
1747 1606 1821 1670 O.
1870 1605 2186 1669 Octauius
2244 1615 2628 1669 testamento
2663 1618 2731 1668 10

292 1692 466 1780 [128]
493 1707 797 1771 Caesaris
848 1707 1046 1791 patris
1095 1706 1427 1771 Brundisii
1477 1729 1547 1771 se
1598 1708 1667 1771 in
1722 1708 1960 1772 Iuliam
2010 1720 2271 1792 gentem
2322 1708 2619 1772 adsciuit.

500 1831 774 1891 cumque
820 1811 977 1874 hora
1020 1809 1148 1873 diei
1207 1809 1398 1872 tertia
1452 1809 1707 1894 ingenti
1768 1811 2153 1874 circumfusa
2206 1811 2625 1890 multitudine
2732 1878 2741 1884 ,

499 1912 778 1973 Romam
809 1913 1114 1986 intraret,
1165 1911 1260 1974 sol
1290 1912 1438 1993 puri
1470 1935 1544 1974 ac
1584 1913 1791 1976 sereni
1833 1914 1995 1978 caeli
2038 1916 2189 1977 orbe
2229 1913 2481 1977 modico
2522 1913 2621 1977 in—

499 2013 714 2075 clusus
747 2023 1066 2074 extremae
1095 2013 1304 2074 lineae
1335 2013 1613 2090 circulo,
1661 2015 1867 2098 qualis
1899 2017 2080 2079 tendi
2120 2038 2301 2079 arcus
2331 2015 2403 2078 in
2432 2016 2620 2079 nubi-

498 2116 620 2177 bus
669 2116 868 2191 solet,
933 2137 1079 2178 eum
1123 2115 1248 2177 cir(-
1251 2115 1641 2199 umscripsit.
1720 2116 1891 2180 ludis
1924 2117 2195 2182 Veneris
2230 2118 2617 2195 Genetricis,
2656 2133 2723 2182 15

499 2239 656 2300 quos
699 2239 813 2300 pro
855 2216 1124 2300 collegio
1167 2218 1354 2294 fecit,
1413 2219 1599 2282 stella
1646 2220 1803 2282 hora
1846 2220 2188 2283 undecima
2230 2219 2463 2283 crinita
2503 2224 2621 2285 sub

499 2320 954 2402 septentrionis
987 2322 1190 2386 sidere
1223 2331 1443 2384 exorta
1473 2315 1793 2409 conuertit
1824 2323 2112 2386 omnium
2144 2323 2383 2386 oculos.
2451 2325 2624 2406 quod

449 2458 458 2467 ’
499 2424 676 2486 sidus
708 2424 860 2506 quia
888 2426 1058 2489 ludis
1091 2424 1360 2490 Veneris
1393 2424 1724 2507 apparuit,
1775 2423 1927 2489 diuo
1960 2426 2132 2489 Iulio
2163 2426 2419 2510 insigne
2449 2427 2621 2511 capi-

497 2524 578 2588 tis
623 2527 980 2590 consecrari
1015 2528 1282 2609 placuit.
1343 2528 1470 2611 ipsi
1511 2526 1773 2591 Caesari
1813 2538 2175 2591 monstrosa
2214 2529 2621 2612 malignitate

493 2628 768 2690 Antonii
797 2629 1078 2692 consulis
1108 2630 1317 2692 multa
1344 2651 1641 2712 perpesso
1682 2651 1991 2711 generosa
2029 2630 2157 2694 fuit
2201 2633 2281 2694 ad
2325 2632 2621 2696 resisten-
2652 2646 2723 2697 20

494 2730 648 2791 dum
682 2731 1064 2793 constantia.
1131 2742 1334 2793 terrae
1363 2742 1579 2794 motus
1611 2731 1816 2793 crebri
1855 2733 2141 2797 fuerunt.
2206 2734 2477 2797 fulmine
2506 2758 2621 2799 na-

439 2892 443 2897 .
492 2830 667 2893 ualia
696 2832 996 2914 pleraque
1030 2842 1220 2895 tacta.
1273 2832 1548 2895 turbinis
1580 2832 1648 2895 ui
1680 2832 2132 2913 simulacrum,
2177 2839 2348 2919 quod
2380 2839 2477 2900 M.
2514 2838 2620 2903 Ci-

493 2954 636 2995 cero
665 2933 1001 3017 plebiscito
1033 2944 1182 3000 ante
1233 2935 1462 2998 cellam
1507 2934 1843 2998 Mineruae
1886 2936 2090 3019 pridie
2137 2962 2330 3021 quam
2373 2940 2445 3003 in
2486 2940 2620 3004 exi-

491 3034 656 3098 lium
706 3036 828 3099 iret
869 3049 1205 3119 posuerat,
1270 3037 1657 3121 dissipatum
1706 3038 2010 3105 membris
2061 3063 2339 3123 pronum
2391 3041 2615 3119 iacuit,

489 3137 705 3201 fractis
737 3138 1021 3203 humeris
1065 3139 1380 3203 bracchiis
1425 3141 1668 3224 capite:
1720 3140 1933 3204 dirum
1974 3142 2102 3225 ipsi
2142 3144 2438 3208 Ciceroni
2477 3167 2619 3228 por·
2650 3159 2719 3209 25

491 3241 720 3303 tendit.
772 3243 1296 3305 tabulaeaeneae
1328 3265 1410 3305 ex
1440 3244 1595 3306 aede
1640 3243 1825 3307 Fidei
1872 3244 2125 3309 turbine
2167 3249 2451 3311 euulsae.
2518 3271 2618 3311 ae·
2692 3270 2708 3287 ⁶

489 3339 588 3401 dis
621 3342 780 3423 Opis
812 3344 1044 3405 ualuae
1075 3344 1333 3408 fractae.
1391 3347 1642 3409 arbores
1686 3345 1995 3410 radicitus
2026 3359 2091 3411 et
2116 3349 2421 3432 pleraque
2452 3338 2618 3414 tecta

489 3462 731 3504 euersa.
795 3444 904 3505 fax
947 3446 1123 3507 caelo
1156 3446 1237 3507 ad
1269 3445 1663 3509 occidentem
1694 3448 1837 3511 uisa
1864 3449 2033 3511 ferri.
2100 3452 2287 3514 stella
2322 3452 2613 3534 per‘dies

489 3552 731 3625 septem
764 3542 1038 3628 insignis
1073 3546 1246 3609 arsit.
1314 3548 1476 3611 soles
1511 3558 1635 3612 tres
1666 3549 2022 3629 fulserunt,
2070 3548 2361 3635 circaque
2412 3554 2613 3617 solem

1540 3659 1571 3681 ,Ι

485 3858 513 3907 5
543 3855 626 3908 SC
650 3856 1050 3909 Freinshemius
1071 3877 1088 3907 .-
1129 3857 1272 3911 sicut
1297 3877 1330 3911 a
1356 3858 1373 3929 ΙΙ
1401 3858 1639 3912 cubiculi
1679 3862 1983 3930 Schefferus
2002 3883 2019 3912 .·
2060 3862 2227 3915 cubili
2251 3882 2285 3915 a
2312 3864 2329 3934 ΙΙ
2361 3866 2431 3917 10
2450 3865 2614 3918 Dola-

482 3935 626 3987 bella
653 3937 986 4005 Stephanus:
1012 3937 1304 3990 Dolobella
1327 3956 1361 3989 a
1387 3937 1406 4007 ss
1438 3941 1494 3989 11
1529 3938 1772 3992 adseruit
1795 3941 2100 4009 Schefferus
2128 3943 2145 4010 ΙΙ
2177 3946 2239 3994 15
2277 3960 2399 3995 eum
2428 3936 2614 4012 Schef-

466 4016 674 4161 {Seria}
691 4033 866 4165 eamla
893 4016 909 4087 ΙΙ
939 4019 1001 4068 22
1019 4021 1154 4085 puto
1175 4035 1235 4069 ae
1260 4016 1517 4087 pleraque
1545 4018 1562 4087 ΙΙ
1590 4022 1653 4071 23
1681 4019 1966 4089 plebiscito
1984 4027 2108 4074 ante
2132 4021 2190 4074 in
2216 4022 2442 4077 exilium
2456 4024 2618 4093 ponit

526 4112 552 4143 c
591 4112 618 4144 e
663 4100 816 4161 erus!
