3052 4823
506 339 530 396 1
549 335 630 398 18
1241 353 1409 396 1vL11
1446 353 1895 401 OBSEQVENTIS

433 557 439 562 .
500 503 627 566 fuit
657 501 1069 566 Lunensibus
1098 499 1492 583 pestilentia,
1526 512 1602 564 ut
1630 500 1987 563 iacentibus
2016 499 2087 561 in
2117 498 2452 581 publicum
2481 521 2628 583 pas-

503 603 627 666 sim
671 603 1088 670 cadaueribus
1129 603 1242 684 qui
1283 603 1658 664 funerarent
1710 601 2051 664 defuerint.
2127 601 2198 662 in
2244 600 2629 662 Macedonia

501 705 818 766 exercitus
848 706 1183 767 Romanus
1214 702 1453 786 proelio
1484 713 1795 779 uexatus3
1830 705 2137 765 aduersus
2154 701 2477 765 Viriatum
2508 703 2626 764 du-

500 806 603 869 bie
635 803 989 869 dimicauit.

368 979 448 1034 23
509 967 591 1032 Q.
630 966 952 1047 Caepione
995 966 1071 1028 C.
1121 964 1342 1027 Laelio
1386 986 1548 1026 coss.
1600 965 1945 1025 Praeneste
1990 973 2056 1024 et
2097 961 2169 1023 in
2210 959 2632 1042 Cephallenia
2663 973 2696 1021 5

337 1057 471 1141 [82]
506 1067 692 1149 signa
719 1069 798 1129 de
827 1068 1003 1129 caelo
1033 1066 1336 1128 cecidisse
1366 1065 1529 1128 uisa.
1580 1087 1765 1128 mons
1793 1065 2011 1126 Aetna
2049 1063 2313 1146 ignibus
2345 1062 2631 1124 abunda-

505 1166 626 1228 uit.
696 1166 1060 1250 prodigium
1113 1167 1463 1229 maioribus
1515 1167 1746 1230 hostiis
1798 1165 2229 1249 quadraginta
2268 1163 2625 1247 expiatum.

509 1289 719 1330 annus
748 1281 1017 1351 pacatus
1047 1269 1172 1332 fuit
1202 1268 1452 1333 Viriato
1483 1269 1682 1331 uicto.

369 1438 449 1493 24
511 1428 608 1488 Μ.
649 1405 922 1490 Aemilio
953 1428 1027 1491 C.
1065 1427 1353 1490 Hostilio
1384 1427 1695 1489 Mancino
1724 1447 1885 1489 coss,
1936 1447 2087 1488 cum
2129 1423 2394 1489 Lauinii
2423 1422 2635 1506 auspi-

339 1517 474 1600 [83]
511 1539 840 1604 carentur,
891 1529 1055 1611 pulli
1087 1553 1121 1590 e
1152 1551 1349 1591 cauea
1391 1528 1460 1590 in
1506 1528 1742 1590 siluam
1772 1526 2249 1598 'Laurentinam
2296 1527 2638 1588 euolarunt
2672 1535 2739 1585 10
2836 1581 2843 1588 .

508 1650 716 1710 neque
760 1629 1013 1692 inuenti
1059 1641 1233 1692 sunt.
1300 1632 1647 1692 Praeneste
1689 1629 1801 1691 fax
1862 1630 2090 1691 ardens
2148 1627 2219 1689 in
2261 1628 2437 1690 caelo
2466 1627 2631 1690 uisa.

509 1752 730 1792 sereno
754 1730 1061 1793 intonuit.
1127 1730 1508 1794 Tarracinae
1552 1733 1648 1793 M.
1697 1729 2011 1793 Claudius
2056 1739 2310 1812 praetor
2351 1728 2422 1790 in
2464 1749 2635 1790 naue

508 1831 779 1893 fulmine
796 1831 1237 1914 conflagrauit.
1272 1834 1450 1895 lacus
1474 1831 1763 1909 Fucinus
1785 1853 1901 1913 per
1920 1830 2103 1892 milia
2124 1817 2433 1913 passuum
2450 1829 2634 1912 quin-

512 1953 636 2013 que
679 1953 936 2013 quoquo
980 1955 1239 1996 uersum
1283 1933 1654 1995 inundauit.
1716 1933 1786 1994 in
1834 1931 2241 2000 Graecostasi
2284 1942 2349 2003 et
2379 1929 2638 1994 comitio

512 2031 828 2114 sanguine
855 2032 1070 2094 fluxit.
1133 2035 1442 2116 Esquiliis
1489 2034 1803 2116 equuleus
1848 2054 1998 2095 cum
2042 2032 2328 2115 quinque
2366 2032 2638 2115 pedibus
2676 2042 2741 2090 15

510 2142 728 2200 natus.
753 2133 1050 2206 ,fulmine
1079 2136 1382 2220 pleraque
1412 2137 1703 2198 decussa.
1754 2134 2079 2198 Hostilius
2112 2133 2458 2196 Mancinus
2490 2154 2637 2194 con-

513 2235 616 2298 sul
649 2233 716 2296 in
749 2245 940 2317 portu
969 2237 1275 2300 Herculis
1306 2258 1456 2300 cum
1486 2239 1941 2300 conscenderet
1969 2227 2205 2297 nauem
2241 2246 2468 2317 petens
2498 2234 2641 2295 Nu-

512 2335 862 2415 mantiam,
911 2360 1039 2400 uox
1079 2338 1428 2423 improuiso
1471 2337 1693 2401 audita
1716 2333 1935 2399 ‘mane
1967 2329 2316 2399 Mancine'.
2366 2353 2643 2416 cumque

515 2460 804 2521 egressus
846 2451 1069 2522 postea
1111 2464 1347 2505 nauem
1393 2442 1663 2505 Genuae
1722 2439 2228 2514 conscendisset,
2295 2434 2525 2519 anguis
2570 2432 2641 2493 in

514 2541 671 2602 naui
701 2541 1007 2606 inuentus
1039 2565 1072 2605 e
1102 2543 1400 2607 manibus
1427 2542 1673 2627 effugit.
1709 2542 1846 2624 ipse
1876 2540 2103 2605 consul
2132 2538 2452 2612 deuictuS,
2488 2555 2643 2596 mox
2673 2544 2745 2593 2ο

513 2643 940 2707 Numantinis
972 2644 1250 2726 deditus.
1992 2632 2001 2639 ⁸

380 2800 458 2855 25
521 2794 598 2855 L.
636 2794 829 2857 Furio
863 2797 930 2857 S.
951 2794 1156 2857 Atilio
1187 2796 1462 2857 Sarrano
1479 2818 1639 2858 coss.
1676 2794 1959 2877 Regium
1987 2814 2153 2876 pene
2186 2801 2393 2854 totum
2424 2789 2643 2851 incen-

349 2878 482 2962 [84]
519 2894 625 2956 dio
647 2907 1112 2987 ’consumptum
1153 2895 1290 2957 sine
1320 2896 1455 2958 ullo
1494 2896 1816 2959 humanae
1860 2894 2103 2969 fraudis
2142 2904 2257 2955 aut
2300 2892 2645 2974 neglegen-

519 2994 646 3058 tiae
689 2996 988 3081 uestigio.
1065 3018 1224 3079 puer
1267 3018 1345 3059 ex
1390 2998 1627 3061 ancilla
1671 3006 1976 3080 quattuor
2029 2992 2301 3077 pedibus
2346 2990 2649 3091 manibus

521 3255 546 3301 4
579 3252 892 3304 dimicatum
920 3252 1161 3321 Scaliyer
1186 3253 1204 3323 [ι
1232 3256 1262 3303 5
1289 3252 1359 3310 Q.
1394 3250 1829 3319 Oudendovpius:
1856 3248 1961 3301 Gn.
1990 3266 2025 3299 a
2049 3247 2068 3316 ΙΙ
2096 3249 2126 3299 6
2152 3246 2411 3299 cecinisse
2434 3241 2647 3296 Perizo-

521 3328 641 3379 nius
666 3329 830 3380 anim.
859 3330 984 3382 hist.
1013 3333 1042 3381 8
1059 3349 1122 3398 p.
1151 3333 1252 3382 326
1280 3330 1296 3398 ΙΙ
1323 3334 1354 3381 9
1380 3331 1454 3397 qs.
1480 3328 1617 3381 Liuz'
1636 3346 1759 3398 per.
1788 3342 1861 3381 Lv
1886 3328 1903 3395 {l
1942 3326 2188 3380 Valerius
2212 3323 2491 3376 Maximus
2516 3333 2557 3383 1,
2588 3324 2643 3383 6,

524 3408 550 3454 7
597 3402 741 3455 ‘cum
764 3404 982 3456 Lauinii
1008 3405 1326 3457 sacrificium
1351 3406 1526 3457 facere
1562 3404 1730 3456 uellet
1746 3443 1759 3468 ,
1805 3400 1944 3472 pulli
1974 3417 2138 3453 cauea
2173 3398 2355 3452 emissi
2382 3398 2441 3449 in
2465 3394 2648 3466 proxi-

522 3498 665 3534 mam
703 3481 896 3533 siluam
920 3482 1179 3551 fugerunt
1203 3498 1518 3550 summaque
1544 3480 1827 3549 diligentia
1864 3478 2097 3548 quaesiti
2130 3476 2355 3546 reperiri
2376 3472 2651 3543 ‘nequiue-

492 3554 670 3609 'runt.
735 3572 965 3624 cumque
1003 3554 1071 3607 ab
1097 3554 1352 3607 Herculis
1388 3562 1584 3624 portu,
1636 3572 1744 3623 quo
1782 3554 2011 3625 pedibus
2047 3561 2397 3624 peruenerat,
2450 3566 2649 3603 nauem

524 3632 936 3695 conscenderet,
966 3630 1091 3684 talis
1117 3649 1227 3685 uox
1255 3632 1371 3684 sine
1397 3631 1510 3684 ull‘o
1538 3640 1756 3683 auctore
1772 3632 1851 3701 ‘ad
1877 3648 2033 3683 aures
2056 3630 2173 3682 eius
2197 3628 2449 3700 peruenit
2466 3624 2651 3678 ‘Man-

525 3700 646 3761 cine
668 3726 824 3761 mane
843 3706 883 3761 1’
913 3727 1022 3779 qua
1043 3709 1264 3761 territus
1289 3727 1411 3761 cum
1437 3708 1631 3761 itinere
1657 3700 1919 3761 conuerso
1947 3708 2193 3761 Genuam
2233 3707 2459 3776 petisset
2492 3713 2548 3756 et
2571 3702 2651 3755 ibi

525 3786 777 3855 scapham
815 3794 956 3839 esset
994 3786 1300 3856 ingressus,
1340 3785 1537 3855 anguis
1574 3783 1803 3835 eximiae
1839 3782 2233 3851 magnitudinis
2266 3781 2419 3833 uisus
2456 3798 2485 3832 e
2524 3795 2652 3830 con-
2698 3786 2707 3793 '

525 3869 712 3932 spectu
737 3861 907 3916 abiit?
938 3864 960 3934 fl
981 3863 1202 3916 Lauinii
1231 3856 1512 3915 Clanarius
1546 3856 1681 3911 Ital.
1724 3864 1837 3910 ant.
1868 3877 1931 3927 p.
1975 3861 2094 3909 884.
2133 3861 2269 3910 936.·
2308 3855 2547 3909 Lanuuii
2572 3872 2605 3905 a
2631 3853 2651 3923 ῙΙ

532 3942 591 3991 12
603 3942 847 4009 fortasse
873 3959 996 3994 cum
1022 3958 1161 3993 naue
1189 3941 1206 4010 Π
1239 3944 1300 3991 14
1327 3955 1547 4009 quoquo
1576 3938 1878 4005 Stephanus
1896 3958 1914 3986 :
1959 3952 2176 4005 quoque
2212 3952 2245 3986 a
2272 3934 2289 4003 ss
2333 3936 2397 3984 22
2444 3927 2500 3983 S.
2544 3930 2653 3982 add

513 4022 828 4087 ‚Panuinius
845 4042 862 4071 .·
903 4039 1045 4073 oma
1071 4020 1088 4089 ΙΙ
1117 4025 1180 4073 24
1216 4020 1436 4072 Orosius
1449 4008 1554 4081 v‚‘6
1574 4016 1789 4069 ‘Seruio
1817 4016 2018 4085 Fuluio
2044 4015 2240 4067 Flacco
2266 4013 2336 4071 Q.
2359 4009 2655 4085 Calpurnio

527 4101 726 4153 Pisone
761 4117 898 4151 coss.
938 4100 1145 4151 Romae
1195 4116 1329 4167 puer
1368 4116 1434 4150 ex
1473 4095 1671 4149 ancilla
1712 4100 1875 4147 natus
1914 4094 2203 4164 quadripes
2246 4089 2653 4161 quadrimanu8‚

531 4176 700 4229 oculis
726 4182 1000 4246 quattuor,
1025 4174 1252 4227 auribus
1279 4173 1522 4235 totidem,
1554 4178 1748 4223 natura
1772 4169 1919 4221 uirili
1940 4166 2185 4238 ,duplex’.
2216 4167 2236 4236 Η
