3052 4823
1081 356 1555 401 Paomemnvu
1585 334 1809 399 mnan.
2363 339 2391 398 1
2408 339 2485 398 15

363 508 569 568 duum
597 514 662 567 et
691 506 849 567 duas
878 514 1100 567 noctes
1133 504 1396 587 sanguis
1425 506 1741 567 manauit.
1791 526 1904 566 rex
1928 502 2175 587 Illyrici
2205 478 2485 568 Gentius

287 628 291 641 ·
363 618 430 669 et
459 606 880 670 Macedoniae
912 607 1136 669 Perses
1169 604 1428 668 deuicti.

364 764 460 824 M.
514 761 824 824 Marcello
867 762 942 824 G.
992 759 1281 842 Sulpicio
1327 780 1486 822 coss,
1552 757 1624 819 in
1664 759 2023 842 Campania
2064 722 2289 823 multis
2331 743 2507 823 locis·
2555 768 2629 823 12

366 873 536 925 terra
566 861 758 944 pluit.
817 861 884 923 in
920 860 1342 925 Praenestino
1372 858 1625 921 cruenti
1655 860 2024 949 ceciderunt
2052 861 2309 924 imbres.
2360 862 2487 925 Ve-
2522 845 2656 930 [71]

304 978 336 1025 5
367 964 528 1027 ienti
557 965 708 1026 lana
739 985 820 1025 ex
851 962 1181 1025 arboribus
1211 971 1387 1023 nata.
1452 961 1835 1024 Tarracinae
1865 961 1936 1024 in
1968 963 2123 1025 aede
2153 962 2506 1041 Mineruae·

365 1065 664 1127 mulieres
697 1075 844 1140 tres,
881 1085 1044 1145 quae
1075 1072 1368 1145 operatae
1399 1062 1728 1139 sedebant,
1765 1062 2037 1125 fulmine
2060 1062 2485 1126 exanimatae.

370 1166 704 1227 ad·lucum
737 1163 1060 1227 Libitinae
1089 1163 1160 1226 in
1191 1152 1408 1227 statua
1437 1162 1718 1245 equestri
1760 1185 1959 1226 aenea
1987 1186 2067 1227 ex
2098 1186 2203 1227 ore
2234 1174 2299 1227 et
2328 1165 2490 1248 pede

368 1287 533 1348 aqua
562 1264 856 1328 manauit
884 1265 1188 1327 interdiu,
1271 1265 1450 1328 Galli
1479 1265 1749 1347 Ligures
1782 1264 1996 1327 deleti.
2056 1264 2317 1329 comitia
2344 1287 2493 1328 cum
2572 1264 2577 1269 ’

372 1364 886 1429 ambitiosissime
914 1366 1142 1427 fierent
1183 1376 1245 1427 et
1291 1365 1371 1428 ob
1402 1365 1525 1427 hoc
1558 1374 1818 1427 senatus
1848 1364 1920 1427 in
1950 1364 2274 1447 Capitolio·
2299 1365 2491 1428 habe-

275 1482 340 1532 10
367 1479 542 1532 retur
565 1514 586 1543 ,
647 1465 890 1527 miluus
933 1465 1162 1527 uolans
1201 1458 1567 1529 mustelam'
1591 1477 1841 1549 raptam
1885 1467 1964 1528 de
2008 1465 2170 1527 cella
2212 1465 2391 1529 Iouis
2421 1466 2492 1528 in

370 1568 580 1632 medio
613 1554 916 1629 consessu
943 1576 1201 1649 patrum
1229 1566 1427 1629 misit.
1493 1568 1613 1630 sub
1651 1567 1825 1630 idem
1868 1568 2343 1650 tempus'aedes
2377 1567 2491 1630 Sa-

372 1668 528 1731 lutis
561 1669 638 1730 de
668 1667 846 1730 caelo
877 1676 1067 1730 tacta.
1115 1668 1204 1747 111
1234 1668 1396 1731 00110
1428 1666 1753 1737 Quirinali
1783 1667 2046 1751 sanguis
2078 1678 2245 1735 terra
2274 1689 2494 1729 mana-

372 1770 494 1833 uit.
545 1767 829 1830 Lanuuii
857 1768 1016 1830 fax
996 1791 1064 1830 111
1098 1770 1274 1832 caelo
1316 1778 1505 1833 nocte
1550 1780 1909 1853 conspecta.
1974 1768 2257 1852 fulmine
2289 1768 2493 1852 plera

371 1895 495 1957 que
527 1872 810 1935 discussa
856 1868 1080 1933 Casini
1119 1882 1212 1933 et
1225 1871 1321 1934 sol
1361 1892 1475 1953 per
1515 1870 1762 1954 aliquot
1798 1871 1987 1933 horas
2031 1870 2239 1958 noctis
2284 1868 2487 1934 uisus.

277 1988 338 2037 15
371 1974 576 2039 Teani
607 1970 889 2039 Sidicini
907 1992 1068 2053 puer
1095 1993 1244 2039 cum
1283 1982 1588 2055 quattuor
1626 1972 1923 2035 manibus
1965 1981 2030 2034 et
2074 1950 2347 2035 totidem
2385 1993 2495 2054 pe-

372 2074 560 2140 dibus
593 2084 806 2136 natus,
857 2074 1014 2135 urbe
1043 2073 1316 2137 lustrata
1343 2094 1474 2157 pax
1502 2072 1678 2138 domi
1706 2074 1984 2157 forisque
2012 2074 2160 2137 fuit.

371 2235 495 2298 Cn.
532 2232 807 2296 Octauio
839 2233 916 2293 T.
955 2232 1206 2294 Manlio
1235 2253 1398 2295 coss.
1461 2232 1833 2313 pestilentia
1873 2232 2169 2315 fameque
2200 2231 2295 2294 ita
2322 2232 2497 2294 labo·
2564 2242 2639 2296 13

371 2346 586 2398 ratum
637 2342 710 2393 ut
754 2352 836 2393 ex
885 2330 1218 2411 Sibyllinis
1261 2331 1539 2414 populus
1594 2331 1759 2393 circa
1802 2331 2079 2416 compita
2140 2331 2500 2413 sacellaque
2538 2321 2597 2405 [7
2609 2320 2671 2404 2]

375 2442 674 2516 operatus
706 2429 961 2493 sederit.
997 2429 1068 2491 in
1093 2431 1246 2492 aede
1278 2431 1627 2494 Penatium
1659 2432 1889 2495 ualuae
1919 2443 2107 2495 nocte
2131 2454 2248 2494 sua
2272 2443 2499 2515 sponte

274 2551 342 2600 20
375 2536 748 2616 adapertae,
799 2540 862 2592 et
907 2529 1047 2612 lupi
1091 2531 1400 2612 Esquiliis
1444 2542 1509 2595 et
1552 2530 1623 2594 in
1665 2533 1825 2595 colle
1872 2532 2194 2600 Quirinali
2236 2532 2501 2595 meridie

293 2675 300 2680 -
377 2643 814 2717 apparuerunt
843 2631 1278 2716 exagitatique
1308 2633 1590 2697 fuerunt.
1641 2636 1796 2698 urbe
1826 2634 2096 2697 lustrata
2125 2633 2293 2696 nihil
2320 2633 2501 2696 triste

377 2735 631 2800 accidit.

376 2913 480 2976 Ti.
524 2913 817 2976 Graccho
849 2903 966 2974 M'.
1003 2913 1310 2976 quentio
1341 2935 1503 2976 coss,
1542 2916 1801 2997 Capuae
1832 2923 2019 2976 nocte
2050 2912 2142 2976 sol
2175 2911 2379 2975 uisus,
2431 2911 2502 2974 in
2568 2931 2641 2985 14

375 3036 527 3096 agro
570 3013 828 3075 Stellati
869 3011 1124 3093 fulgure
1165 3036 1513 3077 ueruecum
1560 3018 1637 3078 de
1680 3038 1873 3098 grege
1917 3036 2062 3096 pars
2109 3013 2497 3075 exanimata.
2540 3009 2675 3093 [73]

277 3131 344 3180 25
376 3113 757 3177 Tarracinae
785 3113 971 3195 pueri
1002 3113 1329 3195 trigemini
1357 3115 1517 3178 nati.
1569 3116 1841 3178 Formiis
1865 3118 1992 3178 duo
2024 3114 2185 3177 soles
2215 3113 2503 3177 interdiu
2546 3103 2553 3110 ⁵

377 3215 526 3279 uisi.
605 3215 857 3278 caelum
917 3213 1092 3277 arsit.
1171 3220 1210 3291 †
1251 3215 1478 3278 Concii
1517 3216 1713 3279 homo
1758 3239 1838 3280 ex
1882 3215 2142 3301 speculo
2186 3215 2321 3277 acie
2365 3225 2504 3278 orta

375 3318 769 3380 combustus,
837 3315 1064 3381 Gabiis
1108 3317 1272 3379 lacte
1324 3318 1513 3400 pl'uit.
1574 3318 1849 3382 fulmine
1890 3319 2192 3400 pleraque
2236 3319 2502 3380 decussa

376 3417 447 3480 in
478 3418 752 3482 Palatio.
822 3419 894 3481 in
939 3419 1252 3501 templum
1285 3419 1606 3484 Victoriae
1638 3417 1882 3505 cygnus
1906 3418 2196 3501 inlapsus
2226 3442 2339 3504 per
2368 3442 2502 3483 ma-

372 3540 497 3582 nus
537 3519 933 3604 capientium
978 3521 1225 3604 effugit.
1294 3519 1593 3584 Priuerni
1637 3523 1854 3605 puella
1901 3521 2037 3585 sine
2086 3544 2286 3585 manu
2315 3533 2494 3585 nata.

378 3693 408 3742 3
436 3691 496 3743 O.
533 3691 934 3760 Oudendorpius
951 3712 969 3742 .·
995 3692 1060 3745 P.
1086 3712 1121 3745 a
1146 3695 1164 3762 ΙΙ
1194 3699 1223 3745 5
1261 3695 1581 3747 Tarracinae
1618 3696 1877 3747 Iuntina:
1917 3685 2234 3748 Terracinae
2258 3711 2293 3746 a
2318 3695 2337 3762 ΙΙ
2365 3699 2391 3745 7
2420 3693 2503 3746 lu-

376 3785 500 3820 cum
517 3769 852 3838 Schqfferus:
877 3769 1057 3821 locum
1074 3789 1108 3822 a
1133 3772 1151 3841 ΙΙ
1181 3776 1210 3824 8
1233 3773 1473 3825 interdiu
1496 3773 1883 3825 Mommsenius
1898 3793 1917 3823 .-
1946 3772 2040 3822 diu
2055 3789 2090 3822 a
2116 3771 2133 3838 ss
2162 3769 2306 3822 Galli
2332 3775 2386 3820 et
2413 3769 2504 3821 Li-

376 3863 538 3916 gures
564 3847 821 3899 Dukerus
846 3847 918 3898 ad
938 3846 1073 3898 Liui
1079 3867 1202 3916 per.
1231 3862 1371 3902 XLVI
1399 3850 1415 3919 ΙΙ
1449 3853 1508 3902 12
1529 3849 1794 3917 sanguine
1820 3849 2121 3918 Stephanus
2148 3846 2165 3917 ΙΙ
2198 3850 2258 3897 14
2281 3846 2507 3899 decussa

375 3924 679 3992 Schqffencs
705 3925 723 3996 ΙΙ
756 3928 817 3976 16
842 3924 1072 3977 lustrata
1097 3927 1400 3993 Stephanus
1414 3946 1432 3976 .-
1475 3931 1645 3977 strata
1680 3942 1715 3976 a
1740 3926 1757 3994 ΙΙ
1790 3928 1851 3977 19
1877 3925 2131 3994 operatus
2170 3922 2503 3990 Schegfferua:

375 4007 696 4070 operaturus
720 4020 754 4053 a
780 4003 797 4069 ss
824 4004 889 4053 23
926 4001 1009 4053 Ti.
1051 4002 1275 4070 compsi.-
1324 4003 1386 4055 T.
1415 4021 1448 4054 a
1475 4003 1492 4070 ss
1520 4001 1620 4054 M’.
1658 3999 1974 4053 Hem-nius.-
2024 3998 2105 4050 M.
2145 3999 2223 4066 αΙΙ
2251 4001 2315 4049 25
2353 3997 2508 4065 pueri

373 4085 484 4131 tres
509 4077 726 4147 gemina
762 4084 958 4130 natura
991 4079 1106 4130 nati
1149 4078 1551 4147 Oudendorpius
1568 4116 1581 4141 ,
1636 4076 1790 4146 pueri
1828 4075 2046 4129 trimani
2084 4075 2197 4130 nati
2246 4075 2507 4144 Wopken-

373 4155 484 4207 εἰπε
511 4157 528 4222 Ι]
557 4159 622 4208 26
646 4155 802 4209 Antii
824 4154 1084 4208 Heinsius
1111 4161 1127 4225 fl

977 4241 984 4248 .
2093 4246 2128 4304 8
2146 4240 2180 4274 ἱ.
