3052 4823
501 340 585 400 24
1382 355 1767 398 ΡΕΒιοοΗΑΕ

501 516 656 570 sunt
673 555 694 582 ,
723 526 879 568 cum
909 513 1102 568 antea
1129 502 1402 586 dispersi
1443 525 1560 588 per
1601 526 1823 569 omnes
1868 503 2143 568 fuissent
2158 551 2180 580 ‚
2227 503 2638 588 Esquilinam

503 608 872 673 Palatinam
897 605 1306 670 Suburanam
1329 605 1679 669 Collinam.
1715 608 1791 671 C.
1816 604 2177 686 Flaminius
2208 627 2434 671 censor
2462 607 2641 671 uiam

501 709 890 774 Flaminiam
927 707 1187 794 muniit·
1209 717 1274 770 et
1317 707 1560 772 circum
1604 706 1999 772 Flaminium
2046 708 2386 772 exstruxit.
2468 709 2636 773 colo·
2703 693 2709 698 ¹

499 813 648 877 niae
691 813 1004 876 deductae
1049 820 1205 882 sunt
1248 809 1315 872 in
1363 832 1513 894 agro
1559 813 1639 874 de
1700 809 1913 874 Gallis
1966 820 2154 894 capto
2195 809 2533 875 Placentia
2573 821 2639 874 et

501 915 840 982 Cremona.
2596 927 2601 932 ·
2665 925 2695 974 5

1275 1151 1403 1214 EX
1448 1150 1623 1228 ΠΒ.
1676 1149 1879 1211 XXI.

505 1317 706 1382 Initia
725 1318 888 1382 belli
905 1319 1145 1384 Punici
1173 1321 1440 1404 secundi
1462 1322 1631 1385 facta
1652 1361 1709 1390 ..ι
1745 1327 1963 1384 narrat
1992 1331 2058 1382 et
2086 1317 2483 1383 Hannibalis
2512 1321 2629 1382 du-

503 1421 594 1484 ois
626 1423 995 1485 Poenorum
1023 1434 1247 1486 contra
1276 1423 1500 1486 foedus
1532 1445 1646 1506 per
1676 1423 1999 1486 Hiberum
2023 1421 2267 1484 flumen
2299 1420 2631 1484 transitus,

505 1545 543 1586 a
573 1545 699 1606 quo
732 1522 1101 1606 Saguntum
1147 1524 1465 1587 sociorum
1504 1525 1730 1609 populi
1775 1521 2059 1588 Romani
2102 1520 2334 1586 ciuitas
2378 1524 2637 1586 obsessa

504 1634 734 1688 octauo
763 1646 985 1688 mense
1014 1635 1205 1707 capta
1234 1636 1352 1688 est.
1405 1628 1484 1689 de
1515 1616 1751 1710 quibus
1795 1625 2048 1688 iniuriis
2092 1623 2276 1686 missi
2314 1624 2513 1708 legati
2556 1627 2639 1688 ad
2673 1637 2736 1686 10

504 1725 1072 1808 Carthaginienses
1105 1726 1218 1809 qui
1248 1737 1686 1808 quererentur.
1748 1749 1898 1791 cum
1928 1725 2084 1790 satis
2119 1726 2325 1789 faeere
2357 1726 2631 1802 nollent,

502 1826 749 1890 bellum
779 1827 872 1890 eis
914 1826 1233 1890 indictum
1262 1839 1380 1891 est.
1417 1829 1758 1892 Hannibal
1789 1837 2089 1911 superato
2104 1817 2436 1911 Pyrenaeo
2467 1829 2638 1891 saltu

503 1949 618 2011 per
648 1927 898 2015 Gallias
917 1977 938 2004 ,
986 1929 1148 1992 fusis
1175 1929 1398 1994 Volcis
1445 1931 1557 2013 qui
1600 1930 1904 2018 obsistere
1946 1929 2163 1994 conati
2193 1939 2374 1992 erant
2404 1929 2497 2006 ei,
2548 1931 2631 1992 ad

504 2030 706 2120 Alpes
746 2030 933 2093 uenit
973 2041 1037 2095 et
1078 2032 1392 2096 laborioso
1432 2055 1548 2115 per
1588 2055 1695 2096 eas
1738 2032 2049 2107 transitU,
2105 2053 2253 2094 oum
2293 2043 2636 2095 montanos

507 2153 760 2215 quoque
792 2133 1016 2196 Gallos
1048 2133 1270 2198 obuios
1303 2135 1563 2218 aliquod
1604 2135 1863 2218 proeliis
1893 2133 2271 2217 repulisset,
2308 2132 2639 2196 deseendit
2677 2145 2742 2194 15

503 2234 576 2296 in
606 2234 868 2297 Italiam
918 2245 985 2298 et
1027 2238 1110 2298 ad
1155 2231 1457 2322 Ticinum
1497 2238 1743 2314 flumen
1787 2241 2117 2301 Romanos
2148 2234 2429 2318 equestri
2455 2257 2636 2318 proe-

265 2357 344 2398 ox
393 2383 466 2425 κ.
505 2334 594 2397 lio
644 2335 834 2399 fudit.
871 2321 984 2402 fin
1036 2359 1162 2421 quo
1214 2341 1636 2403 uulneratum
1695 2341 1774 2404 P.
1831 2336 2207 2413 Cornelium
2268 2335 2649 2419 Scipionem-

433 2437 787 2541 —protexit
815 2438 989 2505 filius
1006 2489 1026 2517 ,
1075 2441 1188 2525 qui
1216 2444 1507 2507 Africani
1537 2454 1761 2526 postea
1790 2462 2027 2504 nomen
2058 2434 2347 2536 aceepit]
2374 2439 2637 2505 iterum-

277 2532 350 2579 ’Ὃ
508 2563 630 2624 que
661 2541 944 2604 exercitu
992 2545 1291 2609 Romano
1337 2547 1420 2609 ad
1470 2546 1715 2609 flumen
1761 2543 2063 2606 Trebiam
2108 2543 2254 2606 fuso
2296 2542 2639 2605 Hannibal

503 2643 928 2725 Apenninum
973 2665 1224 2728 quoque
1271 2669 1625 2731 permagna
1665 2643 2011 2710 uexatione
2050 2644 2339 2709 militum
2382 2653 2638 2727 propter
2672 2656 2740 2707 20

505 2743 645 2823 uim
687 2745 1171 2826 tempestatium
1211 2749 1488 2812 transiit.
1519 2738 1679 2829 lOn.
1724 2748 2063 2812 Cornelius
2109 2746 2325 2831 Scipio
2365 2746 2435 2808 in
2478 2747 2634 2811 His-

503 2844 700 2926 pania
728 2842 950 2908 contr'a
980 2848 1232 2913 Poenos
1262 2871 1563 2934 prospere
1591 2851 1915 2934 pugnauit
1959 2853 2122 2915 duce
2164 2849 2453 2915 hostium
2497 2850 2637 2913 Ma-

505 2966 672 3033 gone
703 2958 914 3030 capto.

511 3217 530 3266 1
561 3232 656 3285 per
682 3233 866 3271 omnes
891 3236 976 3271 om
1000 3236 1032 3271 r
1057 3219 1074 3289 fl
1101 3223 1132 3272 2
1171 3222 1232 3275 C.
1271 3222 1574 3281 Flaminius
1610 3252 1679 3261 —
1720 3220 2043 3274 Flaminiam
2079 3218 2188 3272 add
2224 3217 2509 3289 Siyonius:
2554 3236 2638 3271 om

501 3304 617 3355 Νςν
643 3293 660 3363 ΙΙ
686 3297 715 3346 3
742 3295 982 3349 muniuit
1007 3314 1098 3361 ςν,
1138 3300 1339 3353 minuit
1377 3320 1411 3364 ς
1436 3300 1454 3370 ss
1481 3304 1512 3352 4
1538 3305 1668 3353 sunt
1692 3316 1776 3351 om
1803 3317 1838 3362 ς
1862 3299 1880 3368 ΙΙ
1907 3298 1975 3351 de
1999 3296 2329 3351 Frobenius:
2368 3315 2401 3350 a
2437 3314 2530 3362 ςν,
2571 3314 2640 3349 ex

506 3390 558 3435 ς,
587 3390 672 3424 om
703 3385 822 3441 Νρς
847 3374 864 3441 ΙΙ
894 3378 921 3425 7
962 3374 1120 3429 initia
1154 3378 1378 3448 scripsi.-
1427 3380 1485 3432 in
1524 3378 1677 3432 italia
1730 3389 1839 3442 Νς,
1893 3377 2035 3447 quod
2068 3395 2187 3429 cum
2201 3377 2639 3445 praecedentibus

504 3450 778 3507 coniunxit
806 3451 1108 3505 Gronouius
1124 3493 1138 3518 ‚
1167 3453 1226 3507 in
1260 3456 1466 3509 italiam
1493 3475 1559 3519 ςν
1584 3458 1602 3526 ss
1627 3456 1773 3509 facta
1792 3454 1987 3524 scripsi
1996 3475 2013 3506 :
2055 3460 2236 3507 actum
2260 3465 2345 3516 Νς
2360 3493 2374 3518 ,
2403 3462 2526 3507 acta
2552 3471 2634 3517 ςν,

505 3533 684 3579 ortum
710 3548 746 3589 ς
772 3527 790 3597 ΙΙ
815 3528 872 3581 in
888 3527 1159 3598 Hispania
1182 3532 1431 3585 eaemklzkse
1445 3539 1583 3602 puto
1610 3534 1626 3603 ΙΙ
1654 3538 1904 3587 narratur
1931 3550 1981 3595 ς,
2012 3538 2302 3584 narrantur
2318 3548 2384 3593 ςν
2410 3532 2427 3600 ΙΙ
2458 3532 2488 3582 8
2510 3546 2637 3599 poe-

503 3645 698 3681 norum
724 3628 877 3682 ducis
905 3648 970 3692 ςν
994 3630 1012 3700 ΙΙ
1039 3648 1250 3686 amnem
1289 3652 1356 3697 ςν
1381 3634 1397 3704 ΙΙ
1425 3638 1456 3687 9
1491 3611 1779 3705 saguntiix'i'
1790 3648 1851 3699 Ν,
1882 3633 2163 3703 saguntini
2190 3651 2240 3697 ς,
2270 3639 2538 3702 saguntus
2559 3651 2590 3685 r
2616 3634 2634 3704 ss

504 3708 775 3762 sociorum
798 3727 858 3783 τῇ,
899 3729 984 3763 om
1023 3723 1109 3774 Νς
1131 3714 1152 3783 ss
1177 3712 1371 3766 ciuitas
1397 3713 1544 3766 socia
1569 3714 1788 3767 obsessa
1807 3732 1846 3783 9
1873 3713 1890 3783 ΙΙ
1918 3714 2137 3767 obsessa
2160 3732 2244 3765 om
2269 3730 2301 3765 r
2326 3714 2343 3783 ss
2375 3714 2434 3764 13
2462 3711 2635 3766 uolcis

506 3810 541 3853 ς
560 3810 578 3841 .·
616 3788 816 3842 uolscis
844 3808 908 3854 ς,
952 3788 1155 3844 uulseis
1179 3804 1251 3855 Ν,
1290 3810 1375 3843 om
1405 3810 1470 3853 ςν
1495 3791 1512 3859 ΙΙ
1541 3790 1801 3844 obsistere
1827 3790 1877 3844 ei
1902 3808 1933 3843 r
1959 3791 1975 3859 ss
2003 3798 2059 3843 et
2082 3791 2151 3844 ad
2174 3802 2283 3853 Νς,
2336 3796 2392 3841 et
2415 3806 2501 3840 om
2526 3806 2593 3851 ςν
2618 3789 2635 3857 ΙΙ

508 3871 570 3921 16
595 3885 807 3921 amnem
831 3885 863 3920 r
888 3867 906 3938 ΙΙ
931 3870 998 3920 20
1023 3885 1317 3939 permagna
1341 3870 1631 3922 uexatione
1654 3870 1876 3940 sampsi:
1902 3886 1999 3939 per
2022 3886 2276 3939 magnam
2288 3866 2636 3921 uexationem

500 3956 621 4013 Nyg
636 3984 651 4010 ,
679 3962 774 4015 per
798 3945 1087 3998 maximam
1116 3946 1460 3999 uexationem
1488 3964 1555 4009 ςν
1580 3945 1599 4016 [Ι
1625 3946 1859 4000 militum
1885 3944 2231 4001 uexationem
2272 3962 2337 4007 ςν
2362 3945 2380 4014 ΙΙ
2407 3947 2467 3996 21
2498 3952 2633 3997 tem—

460 4072 465 4079 .
502 4032 773 4100 pestatum
801 4043 867 4091 ςν
891 4024 910 4095 11
937 4043 965 4077 e
989 4036 1068 4095 Ny
1095 4024 1114 4093 ΙΙ
