3052 4823
1070 373 1135 415 r.
1173 375 1316 418 LlVI
1349 375 1522 418 xxxl
1532 375 1899 418 Ψ-1111111111,
2472 357 2551 416 37

1100 558 1228 621 ΕΧ
1273 560 1452 621 LIB.
1502 559 1855 621 XXXIII.

411 745 492 806 Τ.
531 742 843 810 Quintius
874 742 1284 808 Flamininus
1312 765 1558 826 procos
1595 766 1744 808 cum
1788 743 2094 828 Philippo
2125 746 2207 807 ad
2234 746 2551 829 Cynosce-

418 844 646 929 phalas
677 844 748 906 in
779 844 1116 908 Thessalia
1147 845 1281 908 acie
1310 845 1486 908 uicto
1515 845 1889 909 debellauit.
1943 847 2020 908 L.
2060 846 2372 913 Quintius
2402 847 2550 910 Fla-

419 944 708 1008 mininus
739 945 850 1008 ille
891 945 1086 1008 frater
1129 967 1374 1028 procos
1409 948 1809 1025 AcarnanaS,
1845 949 2141 1011 Leucade
2180 949 2338 1011 urbe
2382 949 2555 1030 quod

354 1060 386 1108 5
419 1057 615 1130 caput
657 1057 756 1109 est
797 1047 1215 1111 Acarnanum
1258 1059 1663 1130 expugnata,
1726 1048 1797 1111 in
1839 1033 2233 1112 deditionem
2277 1047 2545 1131 accepit.

420 1170 551 1231 pax
579 1148 828 1230 petenti
859 1148 1166 1231 Philippo
1197 1149 1470 1212 Graecia
1496 1151 1770 1214 liberata
1799 1153 1951 1214 data
1980 1161 2099 1213 est.
2176 1151 2441 1213 Attalus
2472 1152 2553 1212 ab

421 1249 662 1312 Thebis
695 1250 775 1312 ob
822 1249 1104 1313 subitam
1143 1252 1587 1315 ualetudinem
1631 1255 2021 1335 Pergamum
2065 1252 2414 1315 translatus
2445 1252 2550 1314 de-

421 1352 634 1415 cessit.
683 1352 759 1414 C.
797 1351 1216 1434 Sempronius
1247 1353 1615 1416 Tuditanus
1644 1346 1897 1436 praetor
1928 1355 2008 1416 ab
2032 1352 2371 1418 Celtiberis
2402 1375 2552 1415 cum

413 1453 699 1516 exercitu
714 1474 936 1515 caesus
951 1464 1069 1516 est.
1101 1455 1179 1516 L.
1201 1455 1436 1517 Furius
1452 1454 1774 1536 Purpurio
1789 1465 1853 1516 et
1868 1454 2181 1518 Claudius
2200 1452 2549 1516 Marcellus

323 1568 389 1631 10
419 1577 546 1618 cos.
581 1553 776 1618 Boios
806 1564 872 1617 et
902 1556 1208 1618 Insubres
1241 1555 1468 1618 Gallos
1499 1556 1914 1638 subegerunt.
1954 1555 2301 1618 Marcellus
2326 1553 2548 1616 trium-

417 1654 670 1738 phauit.
730 1655 1070 1720 Hannibal
1119 1657 1358 1720 frustra
1395 1656 1468 1718 in
1506 1657 1727 1719 Africa
1766 1657 2014 1721 bellum
2055 1656 2319 1720 molitus
2359 1665 2425 1718 et
2469 1656 2550 1716 ob

415 1757 537 1819 hoc
566 1756 880 1820 Romanis
908 1778 1022 1839 per
1051 1758 1359 1840 epistulas
1391 1759 1471 1820 ab
1496 1760 1803 1822 aduersae
1830 1758 2126 1822 factionis
2151 1755 2549 1841 principibus

415 1858 668 1921 delatus
711 1869 971 1942 propter
1012 1869 1260 1922 metum
1305 1861 1751 1922 Romanorum
1767 1907 1787 1936 ,
1837 1859 1950 1942 qui
1978 1860 2224 1944 legatos
2254 1861 2337 1922 ad
2365 1880 2546 1922 sena·

415 1969 560 2022 tum
589 1959 1225 2043 Carthaginiensium
1254 1962 1333 2024 de
1363 1982 1439 2024 eo
1481 1960 1791 2024 miserant
1808 2009 1828 2037 ‚
1870 1962 2179 2045 profugus
2211 1963 2303 2024 ad'
2320 1960 2547 2023 Antio-
2599 1991 2611 2002 ·

321 2073 386 2122 15
417 2061 610 2123 chum
642 2060 863 2143 Syriae
891 2079 1106 2146 regem
1151 2083 1218 2125 se
1262 2062 1541 2126 contulit
1579 2062 1823 2126 bellum
1868 2063 2175 2126 aduersus
2217 2065 2546 2154 Romanos

416 2172 773 2244 parantem.

1082 2398 1211 2461 EX
1255 2400 1432 2463 LIB.
1481 2399 1874 2463 XXXIIII.

417 2596 557 2655 Lex
601 2594 815 2676 Oppia
833 2642 853 2669 ,
902 2616 1098 2677 quam
1140 2596 1216 2659 C.
1269 2596 1523 2679 Oppius
1570 2595 1718 2659 trib.
1768 2597 1859 2679 pl.
1924 2594 2093 2657 bello
2158 2595 2411 2659 Punico
2465 2598 2545 2659 de
2606 2644 2611 2648 -

397 2690 716 2757 'finiendis
746 2705 1186 2760 matronarum
1217 2697 1500 2761 cultibus
1532 2697 1770 2760 tulerat
1783 2744 1803 2773 ,
1837 2717 1986 2759 cum
2012 2717 2253 2781 magna
2283 2706 2543 2761 conten-

315 2807 386 2856 20
417 2795 590 2858 tione
621 2796 923 2880 abrogata
953 2809 1082 2876 est,
1147 2821 1296 2863 cum
1328 2800 1597 2863 Porcius
1629 2800 1793 2862 Cato
1824 2808 2045 2861 auctor
2085 2798 2316 2863 fuisset
2355 2822 2439 2863 ne
2470 2822 2545 2863 ea

415 2898 523 2960 lex
553 2899 934 2963 aboleretur.
983 2900 1038 2964 is
1069 2900 1140 2963 in
1170 2899 1565 2983 Hispaniam
1593 2902 1917 2983 profectus
1944 2901 2119 2964 bello
2133 2950 2153 2979 ,
2189 2904 2361 2986 quod
2390 2903 2542 2966 Em·-

413 2999 611 3081 poriis
643 3022 823 3064 orsus
855 3012 972 3077 est,
1008 3043 1063 3070 ,μ
1094 3002 1453 3066 citeriorem
1479 3002 1874 3084 Hispaniam
1896 3003 2177 3083 pacauit.
2217 3006 2295 3066 T.
2335 3003 2542 3070 Quin-

416 3100 546 3163 tius
578 3100 986 3165 Flamininus
1016 3104 1260 3166 bellum
1306 3106 1613 3166 aduersus
1656 3104 2201 3168 Lacedaemonios
2232 3115 2297 3167 et
2327 3115 2541 3187 tyran-

413 3224 574 3264 num
603 3224 825 3270 eorum
853 3203 1174 3267 Nabidem
1201 3226 1500 3288 prospere
1542 3216 1803 3287 gestum
1840 3207 1989 3269 data
2029 3205 2131 3269 his
2160 3227 2317 3289 pace
2333 3254 2352 3281 ,
2388 3227 2542 3288 qua-

313 3316 380 3365 25
411 3304 541 3367 lem
569 3304 707 3387 ipse
739 3306 1021 3383 uolebat,
1056 3305 1469 3389 liberatisque
1482 3306 1696 3389 Argis,
1733 3306 1845 3389 qui
1866 3308 1986 3371 sub
2010 3306 2255 3371 ditione
2278 3308 2540 3390 tyranni

413 3418 620 3483 erant,
646 3406 889 3471 finiuit.
918 3430 1020 3471 res
1043 3418 1370 3493 praeterea
1391 3408 1462 3471 in
1485 3408 1812 3492 Hispania
1837 3419 1903 3473 et
1926 3411 2231 3473 aduersus
2256 3408 2453 3473 Boios
2478 3420 2543 3472 et

415 3725 446 3774 2
470 3722 808 3791 cynocefalas
831 3736 880 3776 Ν
902 3725 978 3793 114
1003 3724 1097 3777 ille
1121 3744 1207 3778 om
1234 3744 1300 3788 ςν
1324 3728 1342 3797 ss
1370 3744 1509 3797 quae
1549 3746 1615 3789 ςν
1640 3730 1657 3799 [ἦ
1685 3732 1715 3779 5
1740 3727 2080 3781 Acarnaniae
2114 3745 2147 3780 r
2170 3726 2189 3796 ss
2217 3730 2248 3780 6
2286 3727 2545 3780 Graeciae

411 3798 634 3853 libertas
659 3818 691 3852 r
715 3801 734 3870 Η
760 3819 792 3853 a
815 3802 996 3855 thebis
1025 3804 1133 3872 ςνΙΙ
1160 3806 1192 3855 9
1229 3803 1498 3874 Purpurio
1536 3824 1621 3857 om
1662 3822 1693 3857 r
1734 3804 1753 3872 {l
1796 3807 1857 3856 12
1896 3804 1966 3857 ab
2005 3804 2218 3857 addidi.-
2253 3823 2337 3856 om
2360 3806 2519 3874 Ngrss

411 3878 719 3948 principum
756 3897 816 3943 r,
868 3881 1194 3951 principium
1216 3900 1254 3951 9
1279 3882 1298 3952 Η
1329 3886 1390 3933 14
1416 3882 1936 3953 carthaginiensium
1962 3890 2210 3936 senatum
2236 3901 2303 3945 ςν
2327 3884 2345 3952 [Ι
2376 3886 2437 3934 15
2463 3900 2545 3935 re·-

414 3971 538 4023 gem
563 3957 736 4026 syriae
763 3976 828 4020 ςν
853 3958 871 4026 ΙΙ
899 3965 1088 4011 contra
1121 3977 1152 4009 r
1178 3960 1196 4028 ΙΙ
1226 3962 1289 4011 18
1315 3959 1374 4013 C.
1403 3960 1611 4012 Aldus.-
1648 3976 1735 4014 cn.
1775 3974 1891 4024 Νςν
1916 3963 1933 4031 ΙΙ
1966 3964 2027 4013 19
2065 3959 2317 4013 finiendis
2344 3978 2408 4021 3:
2447 3959 2546 4012 fin-

409 4032 602 4101 gendis
637 4046 722 4096 Νς
735 4073 748 4097 ,
800 4034 1133 4103 stringendis
1165 4055 1236 4106 qr
1270 4039 1288 4108 ΙΙ
1327 4036 1567 4090 cultibus
1604 4044 1971 4092 matronarum
2008 4057 2041 4090 r
2065 4039 2083 4107 11
2108 4036 2344 4089 maxima
2377 4054 2410 4089 r
2434 4036 2453 4107 Ι
2478 4041 2541 4089 21

413 4112 668 4179 emptoris
692 4123 766 4175 Ν,
807 4111 1100 4180 Emporiu-
1124 4132 1156 4166 r
1181 4116 1198 4185 fl
1225 4119 1290 4168 24
1330 4115 1408 4168 eis
1435 4132 1502 4177 ςν
1526 4114 1545 4185 ss
1572 4118 1638 4167 25
1664 4114 1887 4171 uolebat
1911 4135 1978 4180 ςν
2002 4117 2020 4187 ΙΙ
2046 4116 2411 4189 liberatosque
2432 4118 2523 4189 ΝΙ]

420 4188 487 4239 26
511 4187 631 4241 finit
653 4202 704 4241 Ν
725 4188 742 4258 ΙΙ
769 4195 934 4258 atque
958 4204 990 4240 r
1014 4189 1032 4259 ΙΙ
1060 4190 1214 4243 bolos
1235 4189 1324 4259 Nu
