3052 4823
1013 374 1074 416 T.
1113 372 1254 415 L1v1
1285 371 1822 416 xxxvnn——XLL
2408 352 2491 413 43

363 545 535 588 xena
549 570 570 600 ,
617 521 829 586 uerita
871 543 990 605 pro
1029 521 1250 586 liberis
1295 520 1428 586 suis
1457 523 1809 586 admodum
1837 518 2052 602 pueris
2081 519 2249 602 regis
2278 518 2492 584 libidi-
2542 535 2547 539 “

361 647 539 701 nem,
571 623 838 707 prolatis
869 622 940 686 in
969 623 1255 686 medium
1293 622 1526 706 gladiis
1556 633 1624 686 et
1652 623 1884 706 poculo
1912 622 1983 684 in
2010 643 2139 705 quo
2169 642 2496 686 uenenum

361 737 499 792 erat
555 725 760 792 suasit
811 723 915 788 his
929 772 949 800 ,
999 734 1075 787 ut
1115 724 1464 788 imminens
1507 724 1864 788 ludibrium
1903 732 2107 786 morte
2138 721 2493 806 effugerent

363 841 429 892 et
459 850 609 892 cum
636 826 1060 910 persuasisset
1076 873 1096 902 ,
1131 837 1196 890 et
1236 826 1378 909 ipsa
1407 848 1475 890 se
1518 827 1868 890 interemit.
1932 823 2285 889 certamina
2325 823 2496 888 inter

295 943 330 994 5
361 929 528 994 filios
559 927 853 1012 Philippi
884 927 1305 992 Macedoniae
1349 927 1516 1011 regis
1564 930 1805 992 Persen
1852 935 1917 988 et
1964 925 2371 990 Demetrium
2399 947 2493 989 re-

369 1032 702 1106 feruntur3
754 1041 820 1093 et
864 1039 940 1093 ut
982 1030 1207 1094 fraude
1235 1029 1448 1093 fratris
1479 1029 1584 1094 sui
1612 1027 1983 1092 Demetrius
2012 1027 2179 1091 fictis
2210 1027 2493 1091 crimini-

361 1135 486 1196 bus
499 1181 520 1208 ,
569 1131 744 1194 inter
785 1153 951 1214 quae
997 1132 1404 1196 accusatione
1447 1131 1773 1215 parricidii
1814 1140 1882 1193 et
1925 1129 2231 1193 adfectati
2281 1129 2488 1212 regni,

361 1235 650 1320 primum
677 1232 919 1316 petitus
951 1235 1034 1296 ad
1061 1233 1364 1297 ultimum
1379 1282 1399 1310 ‚
1436 1233 1742 1317 quoniam
1770 1232 1995 1316 populi
2024 1231 2305 1295 Romani
2334 1230 2493 1294 ami-

362 1359 478 1400 cus
508 1345 670 1411 erat,
705 1356 962 1398 ueneno
991 1345 1258 1399 necatus
1291 1345 1411 1409 est,
1444 1356 1843 1418 regnumque
1875 1333 2294 1397 Macedoniae
2323 1354 2491 1396 mor-

261 1450 328 1500 10
360 1446 474 1500 tuo
504 1435 810 1519 Philippo
840 1439 924 1500 ad
954 1439 1196 1500 Persen
1238 1435 1524 1499 deuenit.
1589 1436 1748 1499 item
1791 1457 1893 1498 res
1935 1435 2007 1496 in
2048 1434 2397 1516 Liguribus
2428 1443 2494 1497 et

363 1537 689 1620 Hispania
731 1549 954 1601 contra
1012 1537 1366 1602 Celtiberos
1413 1561 1452 1602 a
1499 1537 1917 1620 conpluribus
1968 1535 2239 1598 feliciter
2278 1546 2493 1618 gestas

363 1638 678 1702 continet.
729 1638 982 1702 colonia
1009 1639 1307 1723 Aquileia
1343 1641 1622 1703 deducta
1651 1649 1769 1702 est.
1833 1637 1983 1700 libri
2011 1639 2269 1701 Numae
2300 1638 2491 1699 Pom-

364 1741 484 1825 pili
511 1741 585 1804 in
615 1761 768 1823 agro
798 1742 875 1803 L.
914 1739 1137 1804 Petilli
1166 1728 1408 1806 scribae
1439 1742 1559 1804 sub
1583 1725 1881 1804 Ianiculo
1912 1761 1951 1802 a
1972 1738 2323 1803 cultoribus
2354 1739 2493 1823 agri

367 1865 516 1909 arca
541 1841 798 1925 lapidea
825 1843 990 1907 clusi
1017 1841 1275 1906 inuenti
1305 1852 1459 1906 sunt
1501 1853 1568 1906 et
1601 1842 1836 1906 Graeci
1864 1852 1930 1905 et
1959 1840 2202 1905 Latini.
2252 1840 2323 1903 in
2353 1841 2492 1925 qui-

267 1961 333 2010 15
363 1948 488 2011 bus
566 1965 716 2007 cum
775 1944 1080 2028 pleraque
1143 1943 1702 2008 dissoluendarum
1767 1942 2157 2026 religionum
2211 1953 2488 2026 praetor,

365 2049 450 2111 ad
478 2067 672 2130 quem
702 2045 902 2108 delati
933 2057 1114 2110 erant
1128 2094 1148 2123 ,
1183 2045 1480 2129 legisset,
1513 2044 1759 2109 iurauit
1792 2045 2070 2120 senatui,
2106 2055 2329 2107 contra
2357 2065 2493 2107 rem

365 2147 694 2230 publicam
724 2169 861 2212 esse
905 2157 980 2210 ut
1008 2148 1376 2230 legerentur
1405 2157 1963 2230 seruarenturque.
2014 2168 2093 2209 ex
2126 2146 2254 2209 Sc.
2289 2146 2363 2209 in
2390 2167 2494 2209 co-
2520 2207 2525 2210 .

370 2249 556 2312 mitio
585 2249 800 2312 exusti
831 2259 1006 2313 sunt.
1070 2249 1416 2333 Philippus
1459 2249 1861 2334 aegritudine
1906 2247 2107 2311 animi
2137 2247 2491 2323 confectuS,

369 2352 543 2434 quod
573 2350 976 2415 Demetrium
1007 2350 1217 2415 filium
1247 2351 1424 2417 falsis
1471 2351 1734 2415 alterius
1764 2350 1886 2414 filii
1914 2350 1986 2413 in
2016 2350 2292 2413 eundem
2324 2348 2494 2411 dela·

267 2465 338 2515 20
368 2452 654 2516 tionibus
685 2452 1004 2537 impulsus
1034 2476 1288 2517 ueneno
1319 2452 1720 2527 sustulisset,
1771 2454 1851 2515 de
1890 2474 2099 2535 poena
2143 2450 2361 2514 Persei
2391 2473 2495 2514 co·

365 2553 603 2638 gitauit
641 2554 980 2639 noluitque
1022 2556 1430 2639 Antigonum
1469 2554 1689 2637 potius
1719 2553 1997 2617 amicum
2028 2573 2221 2617 suum
2248 2572 2496 2615 succes-

366 2678 575 2721 sorem
607 2657 793 2739 regni
837 2657 939 2721 sui
976 2657 1338 2740 relinquere
1356 2704 1376 2734 ‚
1425 2658 1541 2719 sed
1583 2655 1655 2719 in
1696 2656 1819 2719 hac
1863 2654 2251 2739 cogitatione
2290 2662 2496 2717 morte

370 2766 594 2839 raptus
625 2768 744 2822 est.
795 2760 1070 2823 Perseus
1099 2780 1373 2841 regnum
1405 2757 1679 2841 excepit.

1135 2992 1261 3055 EX
1308 2996 1483 3058 LIB.
1534 2996 1724 3058 XLI.

269 3169 338 3221 25
371 3159 554 3243 Ignis
584 3159 655 3223 in
685 3161 842 3241 aede
873 3162 1108 3225 Vestae
1139 3161 1464 3227 extinctus
1494 3176 1614 3229 est.
1666 3163 1811 3228 Tib.
1852 3161 2269 3245 Sempronius
2300 3163 2498 3226 Grac-

368 3262 527 3325 chus
556 3284 802 3344 procOS.
823 3263 1178 3329 Celtiberos
1207 3264 1414 3331 uictos
1446 3266 1513 3330 in
1549 3266 1940 3331 deditionem
1972 3265 2238 3349 accepit,
2273 3286 2498 3328 monu-

374 3577 396 3625 1
429 3574 542 3627 suis
566 3582 624 3628 et
647 3575 846 3629 sororis
883 3575 1059 3631 uerita
1094 3593 1127 3628 r
1149 3576 1170 3646 ΙΙ
1196 3581 1227 3630 2
1267 3584 1384 3631 erat
1429 3597 1703 3637 uenenum
1752 3600 1817 3645 gr
1852 3582 1883 3651 ss-
1911 3585 1940 3633 4
1988 3581 2343 3653 persuasisset
2386 3584 2506 3655 ipsa

369 3650 531 3703 etiam
557 3669 614 3705 se
641 3669 708 3714 ςν
733 3654 751 3721 ss
779 3656 808 3704 5
834 3653 974 3705 filios
1008 3670 1094 3706 om
1121 3672 1187 3716 ςν
1211 3656 1229 3725 ss
1253 3654 1401 3725 regis
1439 3656 1581 3710 filios
1608 3676 1669 3722 ς,
1719 3660 1866 3729 regis
1902 3658 2103 3711 liberos
2144 3675 2176 3711 r
2200 3659 2217 3727 ss
2242 3658 2502 3710 Perseum

366 3743 398 3777 r
414 3726 440 3813 J!
468 3731 508 3779 Gr
525 3728 767 3782 confictis
790 3746 823 3781 r
849 3729 866 3797 ΙΙ
896 3733 924 3781 7
951 3728 1093 3782 inter
1118 3748 1276 3800 quem
1315 3744 1396 3802 Ny
1423 3733 1440 3802 ΙΙ
1466 3736 1867 3789 accusationem
1911 3752 1977 3798 ςν
2002 3736 2019 3804 ΙΙ
2046 3735 2248 3789 adfecti
2303 3730 2506 3785 Frobb·

362 3819 484 3855 mm
503 3824 522 3855 .·
564 3804 927 3858 adfectatione
965 3817 1076 3869 Νς,
1132 3807 1471 3862 affectionem
1507 3829 1579 3875 νς
1603 3812 1620 3882 ΙΙ
1650 3816 1680 3865 8
1718 3814 1924 3883 primus
1966 3826 2050 3876 Νς
2075 3814 2093 3883 ῃ
2118 3814 2260 3867 ferro
2300 3811 2504 3881 petitus

371 3880 482 3950 ςνΙΙ
514 3885 574 3935 10
597 3882 858 3937 Perseum
882 3901 914 3935 r
939 3882 958 3953 11
987 3887 1045 3937 11
1076 3902 1237 3954 quam
1263 3887 1513 3956 pluribus
1540 3908 1606 3952 ς’·
1630 3892 1648 3959 11
1680 3894 1742 3945 13
1779 3891 1964 3944 Petilii
2005 3904 2039 3943 r
2062 3890 2079 3961 1]
2106 3908 2139 3942 a
2174 3908 2259 3941 om
2287 3900 2371 3951 ςΝ
2392 3887 2409 3957 ΙΙ
2441 3890 2503 3938 14

364 3958 426 4013 in
448 3975 572 4013 area
592 3978 625 4013 r
649 3960 668 4031 ss
699 3963 763 4014 14
787 3960 957 4015 clausi
982 3969 1039 4017 et
1059 3962 1240 4031 graeci
1281 3970 1337 4017 et
1372 3964 1530 4018 latini
1566 3967 1778 4021 inuenti
1814 3975 1944 4021 sunt
1984 3986 2051 4030 ςν
2088 3968 2107 4038 ΙΙ
2154 3971 2214 4019 15
2251 3965 2508 4037 pleraque

367 4036 590 4107 compsi.-
617 4036 775 4109 plura
799 4057 938 4110 quae
959 4051 1075 4102 Νςν
1100 4042 1117 4111 ΙΙ
1144 4057 1267 4093 cum
1291 4058 1376 4093 om
1399 4059 1432 4094 r
1457 4043 1474 4112 u
1503 4060 1642 4112 quae
1666 4060 1751 4095 om
1775 4061 1810 4107 ς
1834 4045 1851 4114 ΙΙ
1876 4044 2204 4114 religionum
2230 4048 2384 4097 erant
2406 4058 2438 4093 r
2462 4041 2481 4111 ΙΙ

371 4117 436 4169 16
461 4132 584 4169 cum
607 4116 833 4186 legisset
855 4135 888 4170 r
911 4118 930 4187 ss
963 4123 1022 4171 17
1050 4125 1106 4172 et
1129 4136 1197 4171 ex
1222 4138 1255 4172 r
1279 4120 1296 4189 ss
1323 4124 1390 4173 20
1427 4128 1482 4174 et
1517 4120 1585 4174 de
1620 4133 1754 4184 Νςν.
1790 4129 1847 4175 et
1884 4122 2079 4177 deleuit
2110 4124 2367 4178 Dukerus
2393 4122 2410 4195 ss
2438 4126 2502 4177 23

363 4209 595 4262 regnum
631 4212 854 4266 perseus
894 4198 1104 4268 accepit
1130 4217 1196 4262 ςν
1219 4200 1238 4269 ΙΙ
1265 4203 1328 4252 25
1355 4202 1630 4255 extinctus
1656 4210 1713 4273 et
1733 4201 1823 4271 ΝΙΙ
1850 4202 1913 4256 Τ.
1939 4219 1972 4254 r
1996 4203 2015 4273 [Ι
