3052 4823
1170 1319 1296 1380 EX
1341 1319 1516 1382 LIB.
1569 1318 1625 1378 I.

333 1507 677 1568 Aduentus
707 1505 964 1566 Aeneae
994 1502 1065 1566 in
1096 1503 1358 1566 Italiam
1390 1513 1454 1565 et
1483 1525 1582 1565 res
1612 1513 1849 1586 gestae.
1907 1502 2149 1566 Ascani
2191 1525 2465 1585 regnum

334 1606 541 1670 Albae
586 1615 650 1667 et
696 1605 866 1668 Silui
920 1615 984 1668 et
1028 1605 1327 1688 deinceps
1371 1603 1746 1667 Siluiorum.
1824 1603 2187 1668 Numitoris
2245 1603 2383 1666 filia
2426 1625 2465 1666 a

337 1710 550 1771 Marte
599 1729 960 1789 compressa
1017 1708 1158 1770 nati
1200 1707 1520 1770 Romulus
1564 1715 1628 1770 et
1672 1709 1941 1770 RemuS.
2006 1705 2308 1768 Amulius
2354 1707 2461 1768 ob-

273 1825 304 1871 5
337 1819 694 1872 truncatus.
748 1811 898 1872 urbs
931 1811 1265 1873 aRomulo
1295 1809 1587 1898 condita.
1628 1818 1889 1872 senatus
1919 1809 2148 1872 lectus.
2186 1831 2335 1871 cum
2350 1809 2463 1872 Sa-

334 1912 507 1975 binis
551 1911 888 1974 bellatum.
955 1911 1160 1994 spolia
1200 1911 1414 1994 opima
1443 1911 1727 1974 Feretrio
1761 1911 1907 1974 Ioui
1934 1912 2088 1976 lata.
2155 1913 2225 1975 in
2256 1912 2464 1976 curias
2526 1945 2532 1949 ·

336 2013 613 2096 populus
644 2013 916 2076 diuisuS.
979 2013 1322 2077 Fidenates
1352 2011 1659 2078 Veientes
1704 2013 1886 2076 uicti.
1951 2015 2273 2078 Romulus
2315 2037 2465 2077 con-

337 2125 644 2178 secratus.

510 2216 732 2279 Numa
762 2215 1124 2300 Pompilius
1169 2215 1332 2280 ritus
1378 2238 1707 2280 sacrorum
1750 2217 2035 2280 tradidit.
2099 2228 2285 2301 porta
2315 2219 2463 2282 Iani

239 2331 303 2378 10
335 2317 573 2382 clausa.

509 2421 742 2485 Tullus
773 2422 1102 2485 Hostilius
1133 2422 1420 2485 Albanos
1453 2421 1743 2503 diripuit.
1782 2421 2271 2505 trigeminorum
2301 2446 2465 2507 pug-

337 2542 444 2582 na.
510 2522 704 2585 Metti
734 2514 951 2586 Fufeti
981 2524 1396 2607 supplicium.
1448 2523 1682 2585 TuHus
1712 2523 1986 2586 fulmine
2017 2536 2459 2608 consumptus.

510 2626 731 2687 Ancus
763 2625 1043 2689 Martius
1075 2625 1342 2689 Latinos
1374 2624 1654 2700 deuicit,
1690 2625 1944 2689 Ostiam
1974 2625 2284 2690 condidit.

511 2726 899 2809 Tarquinius
946 2728 1207 2791 Priscus
1250 2727 1518 2791 Latinos
1571 2728 1935 2811 superauit,
2001 2727 2242 2791 circum
2284 2726 2461 2806 fecit,

245 2840 308 2888 15
338 2826 649 2891 finitimos
681 2828 943 2905 deuicit,
979 2851 1195 2893 muros
1226 2839 1291 2891 et
1322 2829 1569 2892 cloacas
1599 2831 1774 2893 fecit.

510 2931 737 2994 Seruio
764 2930 979 2994 TuHio
1012 2942 1205 3015 caput
1237 2931 1413 2994 arsit.
1452 2932 1717 2996 Seruius
1746 2932 2002 2997 Tullius
2028 2934 2333 2997 Veientes
2358 2936 2465 2998 de-

338 3032 498 3095 uicit
529 3042 593 3095 et
621 3033 936 3116 populum
959 3032 1028 3095 in
1057 3035 1290 3097 classes
1316 3033 1564 3110 diuisit,
1600 3037 1823 3097 aedem
1847 3035 2099 3098 Dianae
2116 3036 2462 3099 dedicauit.

510 3134 899 3217 Tarquinius
913 3135 1240 3218 Superbus
1266 3135 1472 3199 occiso
1497 3136 1716 3200 Tullio
1731 3159 2002 3219 regnum
2024 3138 2287 3200 inuasit.
2312 3138 2466 3200 Tul-

336 3234 462 3297 liae
509 3237 715 3299 scelus
758 3236 828 3300 in
857 3247 1128 3321 patrem.
1179 3238 1440 3300 Turnus
1478 3238 1854 3302 Herdonius
1897 3261 2011 3322 per
2041 3238 2469 3322 Tarquinium

237 3349 304 3399 20
335 3336 604 3402 occisus.
651 3339 898 3401 bellum
929 3362 1077 3402 cum
1107 3338 1390 3404 Vulscis.
1445 3340 1672 3403 fraude
1723 3341 1873 3404 Sex.
1914 3340 2228 3425 Tarquini
2270 3341 2469 3405 Gabii

333 3438 585 3523 direpti.
636 3441 1033 3524 Capitolium
1076 3440 1476 3504 inchoatum.
1529 3442 1817 3506 Termini
1865 3453 1929 3520 et
1957 3446 2276 3508 quentae
2322 3467 2467 3508 arae

337 3541 584 3603 moueri
613 3564 744 3605 non
776 3552 1147 3627 potuerunt.
1198 3543 1500 3606 Lucretia
1532 3567 1598 3608 se
1629 3544 1883 3609 occidit.
1936 3546 2211 3630 Superbi
2241 3547 2464 3629 expul-

336 3642 452 3705 sio.
502 3655 848 3727 regnatum
878 3655 975 3708 est
1006 3645 1193 3709 annis
1225 3667 1404 3709 CCLV.

339 3911 360 3959 1
392 3920 618 3964 mermi·
666 3924 804 3965 '1¹1'r1·
824 3924 966 3965 Lm·
987 3924 1040 3965 A·
1063 3924 1250 3966 BERBE
1276 3927 1533 3969 conon-A
1556 3928 1733 3969 mmm
1757 3928 1841 3969 IN
1864 3917 1881 3985 ΙΙ
1910 3920 1939 3967 2
1954 3922 2010 3967 et
2034 3914 2151 3967 eius
2173 3931 2259 3966 res
2284 3922 2469 3983 gestae

330 3987 504 4056 primo
529 3991 880 4043 continentur
900 4010 937 4061 q
978 3992 996 4062 ss
1036 3992 1284 4046 ascanius
1319 4006 1372 4045 N
1392 3995 1408 4064 ΙΙ
1439 3997 1468 4046 3
1507 4002 1563 4047 et
1599 3994 1759 4047 Siluii
1790 4012 1852 4045 r:
1910 3993 2090 4046 italiae
2114 4004 2197 4055 Νς
2222 3992 2239 4062 ΙΙ
2267 3998 2297 4044 4
2326 4010 2468 4045 com-

331 4064 502 4132 pressi
525 4067 614 4137 Nss
641 4067 896 4121 amullius
919 4080 970 4120 N
991 4069 1008 4138 ss
1037 4072 1068 4120 6
1113 4069 1287 4122 curias
1331 4069 1616 4139 Sigonius:
1656 4070 1925 4122 centurias
1961 4082 2045 4131 Νς
2070 4068 2087 4138 H
2117 4072 2143 4118 ’ἶ
2190 4068 2469 4122 uenientes

329 4154 380 4193 N
401 4143 418 4212 ΙΙ
451 4146 507 4194 11
539 4144 730 4197 tullius
752 4146 842 4216 ΝΗ
868 4164 1107 4217 pugnam
1147 4155 1202 4200 et
1237 4148 1327 4201 titi
1349 4162 1399 4201 N
1431 4150 1448 4219 fl
1492 4153 1553 4201 14
1592 4148 1931 4217 tarquianius
1966 4160 2017 4199 Ν
2048 4148 2065 4217 n
2110 4150 2169 4199 16
2209 4154 2469 4217 uegentes

331 4232 380 4271 Ν
401 4224 418 4290 Η
447 4224 502 4273 21
539 4223 732 4276 directi
759 4245 809 4287 ς,
841 4225 1104 4278 directum
1129 4238 1175 4278 Ν
1200 4227 1217 4296 ΙΙ
1244 4244 1522 4279 cremonae
1546 4238 1596 4279 N
1618 4227 1634 4293 Η

2040 4312 2115 4375 1*
