3052 4823
504 334 588 397 90
1383 353 1769 399 PEmoann

503 517 646 581 tur,
692 503 766 566 in
795 502 1058 567 ultimas
1096 502 1479 587 ignotasque
1507 515 1736 588 gentes
1764 502 2149 587 penetrauit.
2200 503 2482 578 Hiberos
2522 504 2635 567 Al-

500 607 833 689 banosque
847 654 868 683 ,
915 605 1030 689 qui
1070 605 1420 669 transitum
1447 628 1580 669 non
1612 608 1889 681 dabant,
1940 606 2185 690 proelio
2215 605 2398 669 uicit.
2447 628 2627 691 prae-

505 718 678 771 terea
706 708 930 791 fugam
959 706 1364 771 Mithridatis
1405 729 1519 790 per
1562 709 1839 773 Colchos
1884 708 2389 793 Heniochosque
2432 718 2496 772 et
2537 730 2637 773 res

505 811 585 874 ab
617 832 692 874 eo
721 810 791 873 in
823 813 1108 895 Bosporo
1137 820 1351 895 gestas
1383 810 1693 874 continet.

403 1016 530 1059 “¹¹''
1295 1046 1424 1109 Ex
1467 1046 1644 1109 LIB.
1696 1046 1851 1110 CII.
2668 1060 2701 1109 5

506 1217 628 1280 Cn.
662 1215 1010 1299 Pompeius
1033 1215 1104 1278 in
1127 1215 1498 1299 prouinciae
1520 1216 1794 1279 formam
1818 1217 2107 1279 Pontum
2127 1214 2397 1299 redegit.
2436 1216 2636 1279 Phar·

501 1340 692 1381 naees
720 1317 898 1383 filius
930 1318 1330 1383 Mithridatis
1359 1319 1606 1383 bellum
1634 1317 1804 1402 patri
1832 1316 2080 1381 intulit.
2144 1318 2225 1381 ab
2270 1340 2346 1382 eo
2376 1316 2637 1381 Mithri-

504 1422 684 1483 dates
716 1421 1013 1498 obsessus
1042 1422 1116 1485 in
1143 1422 1322 1506 regia
1349 1443 1497 1485 eum
1529 1444 1785 1486 ueneno
1800 1429 2059 1504 sumpto
2082 1440 2312 1502 parum
2334 1418 2634 1502 profecis-

504 1532 602 1585 set
632 1524 714 1585 ad
741 1534 1036 1601 mortem,
1073 1547 1112 1587 a
1138 1523 1346 1588 milite
1378 1524 1574 1588 Gallo
1604 1522 1866 1587 nomine
1898 1522 2159 1599 Bitoco,
2197 1544 2234 1585 a
2265 1543 2392 1605 quo
2421 1534 2497 1584 ut
2526 1523 2635 1584 ad-

503 1623 760 1688 iuuaret
791 1647 858 1687 se
888 1625 1195 1708 petierat,
1240 1625 1617 1689 interfectus
1648 1636 1767 1689 est.
1818 1625 1941 1689 Cn.
1980 1623 2329 1707 Pompeius
2359 1622 2635 1685 Iudaeos
2671 1634 2735 1684 10

505 1726 759 1808 subegit
776 1774 796 1802 ,
851 1726 1076 1790 fanum
1124 1749 1346 1791 eorum
1386 1727 1841 1811 Hierosolyma
1855 1775 1875 1803 ,
1933 1724 2325 1789 inuiolatum
2376 1733 2526 1786 ante
2568 1722 2639 1787 id

505 1838 799 1909 temPUS,
846 1828 1040 1911 cepit.
1104 1831 1181 1891 L.
1220 1829 1504 1893 Catilina
1548 1829 1648 1893 bis
1693 1830 2019 1912 repulsam
2047 1827 2117 1890 in
2145 1825 2458 1910 petitione
2488 1848 2637 1889 con-

507 1928 758 1992 sulatus
789 1950 1015 2011 passus
1047 1951 1196 1993 oum
1225 1932 1508 1994 Lentulo
1538 1941 1830 2013 praetore
1860 1942 1927 1995 et
1956 1930 2246 2013 Cethego
2276 1939 2343 1991 et
2372 1928 2636 2011 conplu-

505 2030 682 2095 ribus
715 2029 858 2093 aliis
890 2030 1254 2094 coniurauit
1285 2033 1363 2095 de
1395 2035 1587 2096 caede
1618 2034 1958 2096 consulum
1988 2042 2054 2096 et
2082 2040 2343 2095 senatus
2362 2078 2383 2107 ‚
2420 2029 2639 2091 incen-

506 2132 630 2195 diis
681 2132 858 2195 urbis
903 2142 969 2195 et
1012 2133 1431 2215 obprimenda
1469 2155 1539 2197 re
1581 2134 1874 2217 publica,
1937 2134 2222 2199 exercitu
2267 2153 2520 2216 quoque
2570 2130 2641 2195 in
2674 2144 2739 2194 15

507 2233 768 2297 Etruria
797 2248 1165 2318 conparato,
1231 2257 1308 2299 ea
1347 2235 1705 2299 coniuratio
1751 2236 2073 2301 industria
2112 2238 2209 2299 M.
2247 2234 2426 2298 Tulli
2454 2233 2634 2298 Cice·

503 2336 679 2401 ronis
711 2346 898 2399 eruta
926 2348 1046 2399 est.
1097 2337 1382 2402 Catilina
1424 2340 1586 2402 urbe
1625 2339 1813 2422 pulso
1859 2341 1938 2403 de
1980 2338 2245 2423 reliquis
2289 2335 2638 2401 coniuratis

508 2440 902 2526 supplicium
931 2451 1264 2526 sumptum
1293 2451 1412 2506 est.

1273 2679 1402 2742 EX
1445 2680 1623 2743 LIB.
1676 2680 1869 2743 CIII.

509 2849 793 2915 Catilina
823 2873 861 2913 a
895 2850 971 2922 C.
1007 2848 1298 2912 Antonio
1326 2871 1573 2932 procos.
1610 2870 1761 2911 cum
1790 2849 2079 2913 exercitu
2118 2869 2341 2912 caesus
2375 2855 2493 2910 est.
2558 2847 2635 2908 P.
2672 2857 2741 2906 20

508 2951 774 3017 Clodius
808 2964 1146 3016 accusatus
1168 3001 1189 3028 ,
1239 2953 1411 3035 quod
1444 2951 1514 3013 in
1544 2950 1773 3013 habitu
1816 2951 2103 3014 mulieris
2147 2950 2218 3012 in
2264 2948 2635 3024 sacrarium,

504 3075 631 3137 quo
661 3052 878 3117 uirum
906 3053 1144 3117 intrare
1173 3055 1354 3118 nefas
1385 3063 1507 3128 est,
1525 3059 1730 3130 †cum
1758 3052 2061 3116 intrasset
2086 3065 2149 3116 et
2165 3074 2475 3122 uxorem*
2504 3071 2638 3113 ma·

507 3154 669 3218 ximi
699 3155 1022 3238 pontificis
1056 3166 1430 3240 stuprasset,
1469 3156 1799 3219 absolutus
1832 3167 1949 3218 est.
2000 3156 2075 3219 C.
2110 3155 2431 3218 Pontinus
2461 3174 2641 3236 prae—

507 3269 608 3322 tor
635 3258 1051 3342 Allobrogas,
1087 3259 1200 3341 qui
1229 3260 1735 3334 rebellauerant,
1783 3259 1865 3320 ad
1898 3257 2202 3320 Solonem
2232 3256 2506 3320 domuit.
2555 3256 2633 3318 P.

507 3563 536 3614 2
565 3577 670 3630 que
693 3578 777 3613 om
802 3578 834 3612 r
858 3559 876 3630 [1
900 3560 1121 3614 minime
1146 3579 1178 3613 r
1202 3559 1219 3630 ΙΙ
1249 3563 1278 3612 3
1323 3559 1554 3613 Colchos
1578 3577 1611 3612 r
1635 3559 1653 3631 ΙΙ
1680 3560 2107 3632 Heniochosque
2130 3559 2427 3614 Frobenius
2442 3579 2461 3610 .·
2498 3557 2637 3611 etni-

508 3639 746 3709 chosque
769 3650 831 3705 N,
861 3637 1345 3708 hernicosqueyg,
1376 3638 1731 3708 ethnicosque
1757 3657 1788 3691 r
1812 3640 1829 3709 ss
1858 3643 1889 3691 9
1928 3639 2183 3692 bithoceo
2229 3656 2295 3700 ςν
2320 3639 2337 3708 ΙΙ
2363 3637 2646 3690 adiuuare-

506 3725 596 3771 tur
621 3717 852 3787 petierat
875 3736 906 3770 r
932 3717 950 3788 ss
982 3720 1039 3769 11
1070 3716 1488 3787 hierosolymam
1530 3734 1595 3780 ς,
1635 3716 1692 3769 in
1730 3716 2093 3787 hierosolyma
2131 3735 2198 3779 ςν
2223 3717 2241 3786 ΙΙ
2266 3717 2337 3770 ad
2373 3716 2432 3769 id
2472 3734 2507 3778 ς
2532 3715 2549 3786 ΙΙ
2580 3719 2642 3770 12

507 3795 750 3850 catillina
771 3807 822 3848 N
842 3795 859 3866 ΙΙ
891 3799 953 3848 13
979 3793 1330 3864 conpluribus
1355 3793 1552 3863 scripsi
1565 3814 1577 3846 ε
1623 3811 1747 3847 cum
1772 3795 2019 3864 pluribus
2043 3807 2121 3860 N,
2159 3794 2409 3865 pluribus
2436 3811 2501 3860 ςν
2527 3795 2545 3866 ΙΙ
2577 3799 2640 3848 14

508 3872 627 3927 aliis
653 3892 736 3927 om
761 3893 792 3926 r
817 3874 834 3944 {l
868 3879 928 3927 15
955 3873 1103 3926 urbis
1129 3872 1482 3943 opprimenda
1506 3891 1539 3924 r
1565 3873 1582 3943 ΙΙ
1615 3877 1673 3925 17
1705 3874 1947 3928 catillina
1979 3887 2031 3927 N
2052 3875 2069 3945 ΙΙ
2103 3879 2165 3928 18
2206 3876 2428 3929 omnino
2468 3893 2649 3958 ψωρ-

506 3962 624 4009 tum
649 3955 973 4027 supplicium
999 3960 1082 4008 est
1105 3971 1136 4005 r
1161 3953 1178 4022 ΙΙ
1205 3957 1270 4005 20
1297 3952 1539 4007 catillina
1563 3965 1611 4008 N
1632 3952 1649 4024 ΙΙ
1677 3958 1742 4007 24
1767 3954 1825 4007 in
1850 3955 2090 4008 mulieris
2126 3955 2319 4009 habitu
2356 3956 2646 4009 sacrarium

508 4049 541 4086 r
567 4032 584 4098 ΙΙ
610 4036 676 4085 22
703 4050 810 4102 quo
843 4035 1141 4086 Gruterus.-
1168 4030 1225 4083 in
1264 4048 1373 4101 quo
1411 4043 1526 4094 Νςν
1552 4033 1569 4100 ΙΙ
1598 4049 1827 4101 cumque
1852 4049 1884 4083 r
1906 4031 1925 4102 ΙΙ
1953 4038 2009 4084 et
2032 4049 2117 4084 om
2143 4049 2175 4083 r
2200 4032 2217 4101 ss
2242 4030 2467 4084 maximi
2492 4031 2646 4099 δίμο-

509 4109 630 4162 ηἰαε
645 4130 663 4160 .·
689 4110 894 4164 metelli
915 4122 1029 4173 Νςν
1053 4110 1071 4180 ΙΙ
1099 4113 1163 4162 23
1187 4109 1356 4163 Ponti
1379 4109 1737 4180 stuprauisset
1758 4127 1789 4161 r
1814 4110 1833 4180 [Ι
1858 4117 1943 4165 est
1965 4127 2049 4164 om
2072 4127 2105 4162 r
2130 4110 2149 4180 Π
2176 4127 2261 4163 cn.
2287 4121 2403 4174 Νςν
2426 4109 2445 4180 ss
2470 4108 2649 4180 ponti-

509 4187 634 4241 nius
661 4205 727 4249 ςν
751 4188 770 4256 ss
796 4194 982 4256 praeto
1004 4200 1053 4240 Ν
1075 4188 1093 4257 ΙΙ
1122 4191 1186 4240 24
1211 4187 1538 4258 Allobroges
1562 4206 1593 4240 r
1618 4189 1636 4260 ῃ
