3052 4823
965 369 1026 410 T.
1063 368 1206 412 mvl
1239 367 1862 412 LXXVI—LXXVIIII.
2150 363 2157 370 ·
2410 350 2490 410 77

363 517 610 583 domini
637 518 716 579 de
749 538 902 579 saxo
947 517 1231 580 deiectus
1278 525 1395 579 est.
1463 517 1540 579 C.
1578 516 1825 581 Marius
1866 517 2041 580 filius
2087 517 2155 579 in
2204 517 2490 580 Africam

363 619 633 684 traiecit.
684 621 760 683 C.
798 618 1044 682 Marius
1074 627 1256 700 pater
1284 639 1435 680 cum
1462 619 1535 681 in
1564 619 1910 701 paludibus
1936 618 2492 683 Minturnensium

359 725 624 796 lateret,
661 729 982 784 extractus
1015 730 1112 783 est
1142 721 1221 783 ab
1253 720 1629 803 oppidanis,
1676 731 1740 782 et
1770 742 1919 782 cum
1947 720 2181 784 missus
2213 723 2293 784 ad
2326 721 2488 784 occi-

363 825 646 886 dendum
703 845 852 886 eum
896 844 1121 886 seruus
1173 821 1436 884 natione
1481 821 1714 884 Gallus
1764 822 2098 885 maiestate
2154 822 2321 886 tanti
2363 821 2490 884 uiri

295 940 326 988 5
355 924 732 1009 perterritus
777 924 1179 998 recessisset,
1229 922 1547 1004 inpositus
1588 923 1845 1005 publice
1888 925 2047 987 naui
2091 924 2343 986 delatus
2390 934 2488 986 est

358 1027 430 1090 in
460 1027 767 1090 Africam.
820 1027 897 1088 L.
937 1025 1118 1109 Sylla
1147 1023 1705 1086 ciuitatis'statum
1737 1024 2086 1101 ordinauit,
2121 1025 2354 1088 exinde
2384 1046 2487 1088 co-

359 1128 568 1192 lonias
601 1126 891 1206 deduxit.
959 1128 1041 1193 Q.
1094 1125 1438 1208 Pompeius
1482 1146 1611 1188 cos,
1662 1127 1743 1188 ad
1784 1127 2228 1209 accipiendum
2276 1148 2313 1188 a
2357 1127 2481 1189 Cn.

361 1229 948 1312 Pompeioprocos.
986 1227 1341 1291 exercitum
1383 1227 1708 1309 profectus
1751 1228 2018 1291 consilio
2060 1226 2196 1290 eius
2238 1226 2486 1290 occisus

358 1343 476 1394 est.
514 1331 925 1394 Mithridates
951 1330 1148 1394 Ponti
1170 1351 1282 1391 rex
1304 1315 1617 1411 Bithynia
1645 1339 1710 1392 et
1734 1328 2139 1412 Cappadocia
2163 1328 2487 1413 occupatis

263 1446 326 1495 10
356 1444 420 1495 et
449 1433 635 1515 pulso
664 1431 928 1514 Aquilio
957 1431 1172 1514 legato
1204 1429 1556 1513 Phrygiam
1572 1478 1591 1506 ,
1642 1429 2045 1512 prouinciam
2086 1430 2310 1514 populi
2354 1433 2486 1493 Ro-

315 1546 320 1556 '
358 1535 560 1611 mani,
596 1555 745 1597 cum
774 1533 1026 1616 ingenti
1057 1531 1341 1596 exercitu
1370 1530 1662 1593 intrauit.

1015 1769 1143 1849 EX
1188 1768 1362 1830 LIB.
1415 1766 1816 1830 LXXVIII.

363 1937 774 2000 Mithridates
803 1937 1028 2000 Asiam
1054 1936 1416 2021 occupauit,
1447 1937 1532 2003 Q.
1566 1933 1855 2018 Oppium
1880 1956 2153 2017 procos„
2181 1934 2339 1998 item
2364 1935 2477 2000 M’.

360 2039 706 2122 Aquilium
725 2038 1012 2121 legatum
1042 2037 1114 2100 in
1133 2027 1408 2101 *uincula
1437 2037 1747 2112 coniecit,
1794 2036 2101 2119 iussuque
2132 2035 2268 2100 eius
2300 2037 2483 2120 quid-

266 2151 334 2200 15
361 2139 515 2221 quid
544 2139 791 2201 ciuium
819 2142 1262 2203 Romanorum
1292 2140 1362 2202 in
1403 2138 1561 2202 Asia
1605 2138 1730 2201 fuit
1773 2159 1904 2200 uno
1943 2137 2047 2201 die
2092 2139 2485 2203 trucidatum

361 2251 478 2302 est.
534 2243 760 2303 urbem
789 2242 1120 2316 Rhodum,
1157 2264 1318 2324 quae
1350 2239 1486 2304 sola
1513 2241 1585 2302 in
1612 2240 1739 2301 fide
1770 2240 1849 2302 P.
1879 2241 1964 2301 R.
1994 2251 2339 2317 manserat,
2375 2264 2483 2324 op·

360 2342 680 2426 pugnauit
711 2352 775 2405 et
807 2343 1066 2427 aliquod
1096 2343 1354 2426 proeliis
1385 2341 1732 2404 naualibus
1775 2340 1987 2404 uictus
2018 2343 2299 2405 recessit.
2362 2344 2483 2407 Ar-

360 2445 620 2509 chelaus
650 2446 1008 2530 praefectus
1052 2447 1220 2529 regis
1261 2447 1334 2508 in
1373 2443 1715 2509 Graeciam
1754 2465 1902 2506 cum
1948 2444 2232 2508 exercitu
2273 2446 2478 2525 uenit,

358 2548 648 2627 Athenas
679 2548 1041 2630 occupauit.
1118 2559 1446 2631 praeterea
1491 2544 1987 2628 trepidationem
2015 2546 2275 2609 urbium
2306 2547 2483 2611 insu-

261 2663 329 2711 20
357 2649 728 2732 larumque,
778 2649 922 2713 aliis
953 2651 1036 2714 ad
1066 2650 1516 2713 Mithridatem
1532 2694 1552 2724 ,
1602 2647 1745 2711 aliis
1791 2648 1871 2709 ad
1900 2647 2215 2731 populum
2245 2649 2483 2712 Roma·
2560 2664 2609 2773 4

361 2772 522 2813 num
552 2750 848 2815 ciuitates
881 2773 1028 2815 suas
1060 2751 1488 2826 trahentibuS,
1523 2749 1833 2813 continet.

995 2991 1122 3053 EX
1168 2991 1342 3053 LIB.
1393 2989 1832 3054 LXXVIIII.

361 3160 437 3221 L.
475 3158 812 3224 Cornelius
844 3160 1058 3225 Cinna
1088 3181 1216 3222 cos.
1255 3180 1404 3221 cum
1446 3157 1833 3240 perniciosas
1876 3158 2049 3241 leges
2078 3180 2192 3241 per
2220 3158 2356 3221 uim
2388 3172 2480 3223 at-

361 3283 483 3343 que
515 3284 688 3325 arma
718 3264 944 3338 ferret,
992 3262 1218 3345 pulsus
1262 3262 1420 3324 urbe
1465 3261 1546 3322 ab
1594 3261 1717 3323 Cn.
1755 3259 2030 3322 Octauio
2060 3260 2304 3343 collega
2334 3284 2483 3326 cum

258 3375 326 3427 25
357 3370 396 3441 †
420 3386 532 3432 sex
546 3363 822 3427 tribunis
844 3364 1050 3447 plebis
1074 3363 1465 3448 imperioque
1491 3362 1551 3426 ei
1567 3363 1894 3444 abrogat0‚
1923 3371 2296 3446 corruptum
2309 3364 2484 3449 Appi

360 3466 592 3529 Claudi
622 3467 973 3530 exercitum
1003 3467 1071 3529 in
1101 3476 1487 3550 potestatem
1502 3472 1693 3543 ‚suam
1718 3464 1963 3547 redegit
1986 3476 2051 3529 et
2073 3465 2316 3529 bellum
2341 3468 2484 3531 urbi

357 3567 615 3645 intulit,
653 3569 949 3632 arcessito
979 3570 1053 3632 C.
1093 3569 1301 3634 Mario
1332 3591 1412 3632 ex
1441 3567 1661 3631 Africa
1690 3588 1839 3630 cum
1870 3567 2011 3630 aliis
2043 3567 2359 3631 exulibus,
2413 3570 2484 3632 in

361 3805 382 3854 1
414 3801 620 3854 domini
645 3803 847 3874 proditi
871 3821 902 3855 r
928 3804 944 3871 ΙΙ
972 3819 1102 3855 saxa
1123 3814 1173 3854 Ν
1195 3802 1211 3871 ΙΙ
1240 3806 1269 3855 3
1295 3802 1492 3854 missus
1506 3807 1636 3870 post
1657 3818 1781 3854 eum
1809 3818 1874 3862 ςν
1900 3800 1916 3869 ss
1945 3804 1975 3851 5
2001 3800 2346 3869 precessisset
2368 3816 2417 3855 N
2439 3804 2457 3873 [1

356 3877 412 3928 in
441 3876 614 3929 nauir
639 3880 656 3944 {l
685 3884 711 3929 7
742 3877 953 3931 dedixit
964 3895 1011 3940 r,
1040 3876 1260 3929 reduxit
1281 3875 1540 3929 Kieneius
1564 3878 1626 3929 de
1652 3879 1784 3930 bello
1808 3876 1995 3929 sociali
2004 3894 2065 3944 p.
2098 3879 2195 3927 289
2224 3878 2241 3945 ΙΙ
2268 3879 2481 3947 capien-

357 3952 487 4003 dum
511 3968 542 4002 r
569 3952 585 4021 ΙΙ
618 3955 674 4003 13
703 3952 802 4003 Μ’.
832 3950 1016 4003 addidi
1026 3971 1044 4001 .·
1071 3968 1155 4003 om
1177 3962 1292 4013 Νςν
1317 3949 1334 4020 ΙΙ
1366 3953 1428 4015 16
1454 3950 1614 4004 fidem
1639 3968 1689 4006 Ν
1711 3956 1728 4024 ΙΙ
1755 3956 1860 4007 fide
1886 3962 2251 4025 permanserat
2280 3976 2345 4018 ςν
2371 3958 2387 4027 ss
2420 3963 2480 4013 18

350 4029 508 4099 regni
531 4042 616 4091 Νς
640 4030 658 4099 ΙΙ
685 4033 749 4082 23
775 4030 846 4081 A.
874 4047 905 4081 r
930 4030 947 4098 ΙΙ
975 4046 1083 4081 cos.
1113 4047 1195 4081 om
1225 4048 1289 4092 ςν
1315 4030 1332 4100 ΙΙ
1359 4034 1520 4099 atque
1546 4048 1693 4084 arma
1718 4051 1801 4084 om
1828 4050 1894 4095 ςν
1919 4034 1936 4103 ss
1966 4035 2029 4083 24
2068 4048 2188 4084 cum
2231 4042 2384 4088 sexto
2409 4046 2479 4090 tr.

351 4111 426 4180 pl.
458 4129 509 4172 ς.
550 4126 672 4161 cum
713 4108 952 4163 Sertorio
987 4108 1258 4162 Linkerus
1283 4110 1300 4179 ΙΙ
1329 4113 1391 4162 27
1429 4111 1687 4164 accersito
1730 4130 1761 4163 r
1786 4111 1804 4181 11
1831 4129 1899 4164 ex
1934 4110 2122 4163 Africa
2150 4119 2279 4181 post
2311 4117 2480 4171 exuli-

353 4187 456 4239 bus
484 4203 550 4249 ςν
576 4188 593 4256 li
