3052 4823
1033 306 1108 351 fr.
1146 306 1290 351 mvl
1325 304 1761 349 cx111—cxv1.
2395 281 2478 343 99

345 456 532 520 factis
587 466 652 519 et
703 456 962 539 aliquod
993 450 1282 520 ‘urbibus
1333 452 1723 537 expugnatis
1775 473 2095 516 summam
2143 450 2482 514 uictoriam

350 581 501 622 cum
529 580 766 642 magno
798 557 1168 621 discrimine
1201 560 1281 621 ad
1313 558 1633 620 Mundam
1662 555 1884 618 urbem
1930 562 2311 617 consecutus
2354 562 2473 616 est.

350 660 702 743 Pompeius
734 660 885 725 Sex.
924 658 1172 743 effugit.

1106 846 1234 909 EX
1277 846 1453 909 LIB.
1505 845 1734 910 CXVI

284 966 350 1051 δῖ,
631 964 794 1033 QVI
841 963 1008 1028 EST
1051 964 1394 1029 CIVILIS
1443 964 1714 1028 BELLI
1761 961 2198 1027 OCTAVVS.

351 1137 587 1199 Caesar
617 1155 698 1197 ex
727 1132 1054 1217 Hispania
1082 1132 1384 1217 quintum
1415 1133 1820 1217 triumphum
1848 1130 2003 1215 egit.
2064 1140 2130 1193 et
2160 1152 2310 1193 cum
2338 1130 2483 1214 plu-

350 1236 497 1299 rimi
527 1233 920 1318 maximique
943 1235 1216 1298 honores
1242 1256 1280 1297 a
1310 1245 1541 1299 senatu
1566 1234 1803 1299 decreti
1826 1243 2062 1309 essent,
2096 1232 2265 1296 inter
2295 1254 2477 1315 qu08‚

356 1348 433 1401 ut
462 1360 692 1422 parens
736 1336 983 1421 patriae
1027 1338 1457 1419 appellaretur
1499 1348 1564 1399 et
1611 1345 2051 1400 sacrosanctus
2096 1358 2169 1398 ac
2213 1335 2487 1398 dictator

352 1440 425 1503 in
454 1450 840 1523 perpetuum
870 1448 1058 1515 esset,
1094 1438 1382 1501 inuidiae
1416 1441 1723 1502 aduersus
1754 1460 1900 1501 eum
1934 1458 2189 1500 causam
2219 1436 2484 1520 praesti-

255 1556 319 1606 10
353 1551 506 1618 tere,
542 1552 607 1605 et
630 1543 803 1625 quod
833 1540 1089 1605 senatui
1119 1540 1430 1604 deferenti
1445 1542 1564 1605 hos
1580 1540 1851 1603 honores
1855 1587 1876 1616 ,
1901 1560 2052 1602 cum
2082 1548 2233 1601 ante
2264 1540 2487 1602 aedem

350 1643 625 1709 Veneris
658 1642 1026 1707 Genetricis
1057 1644 1342 1719 sederet,
1387 1665 1523 1707 non
1568 1641 1966 1718 adsurrexit,
2013 1650 2078 1704 et
2114 1642 2285 1724 quod
2315 1663 2352 1703 a
2383 1642 2479 1703 M.

350 1745 639 1809 Antonio
681 1746 944 1810 consule
1001 1743 1248 1828 collega
1292 1766 1409 1809 suo
1453 1744 1626 1808 inter
1668 1744 1959 1828 lupercos
2006 1732 2306 1806 currente
2352 1742 2484 1806 dia·

351 1849 542 1911 dema
563 1847 760 1931 capiti
790 1870 908 1911 suo
937 1846 1290 1931 inpositum
1320 1846 1389 1911 in
1421 1848 1584 1911 sella
1612 1846 1920 1930 reposuit,
1956 1855 2019 1909 et
2051 1846 2225 1929 quod
2252 1844 2486 1927 Epidio

355 1949 637 2013 Marullo
669 1960 733 2013 et
764 1949 1056 2014 Caesetio
1089 1946 1295 2013 Flauo
1327 1949 1606 2014 tribunis
1634 1949 1841 2033 plebis
1884 1947 2207 2012 inuidiam
2236 1948 2296 2011 ei
2326 1957 2485 2012 tam-

258 2062 322 2112 15
355 2072 550 2133 quam
589 2072 866 2135 regnum
905 2051 1254 2115 adfectanti
1297 2079 1332 2114 a*
1383 2062 1668 2136 potestas
1728 2053 2033 2135 abrogata
2071 2061 2189 2115 est.
2250 2073 2333 2115 ex
2384 2050 2487 2115 his

355 2152 564 2215 causis
596 2151 1066 2236 conspiratione
1095 2153 1165 2216 in
1197 2176 1347 2218 eum
1375 2155 1585 2231 facta,
1631 2153 1815 2217 cuius
1846 2153 2061 2236 capita
2088 2154 2352 2218 fuerunt
2382 2155 2480 2217 M.

353 2258 594 2319 Brutus
627 2266 692 2318 ct
721 2256 798 2320 C.
837 2252 1098 2318 Cassius
1130 2266 1193 2319 et
1237 2278 1317 2318 ex
1362 2255 1655 2319 Caesaris
1698 2254 1988 2337 partibus
2035 2256 2194 2317 Dec.
2246 2257 2486 2319 Brutus

354 2367 422 2421 et
451 2357 527 2422 C.
565 2355 962 2432 TreboniuS,
996 2354 1066 2418 in
1101 2354 1369 2440 Pompei
1399 2356 1575 2444 curia
1608 2354 1853 2418 occisus
1899 2364 1995 2419 est
2041 2376 2225 2420 xx111
2256 2356 2485 2421 uulne-

353 2459 529 2524 ribus
546 2507 567 2536 ,
635 2467 1143 2541 occupatumque
1185 2459 1264 2521 ab
1319 2457 1834 2522 interfectoribus
1879 2457 2019 2521 eius
2061 2457 2480 2541 Capitolium.

253 2573 322 2622 20
351 2559 679 2624 obliuione
726 2559 956 2622 deinde
1000 2559 1212 2624 caedis
1257 2559 1396 2624 eius
1443 2581 1478 2623 a
1520 2568 1753 2623 senatu
1797 2561 2052 2623 decreta
2071 2608 2092 2637 ,
2155 2559 2486 2626 obsidibus

351 2661 599 2725 Antoni
631 2671 695 2726 et
726 2661 957 2746 Lepidi
985 2660 1204 2725 liberis
1248 2661 1525 2748 acceptis
1571 2660 1890 2725 coniurati
1938 2684 1977 2725 a
2013 2662 2334 2746 Capitolio
2380 2665 2486 2727 de-

355 2765 764 2828 scenderunt.
795 2773 1182 2828 testamento
1197 2763 1488 2828 Caesaris
1502 2763 1685 2828 heres
1700 2785 1782 2826 ex
1794 2774 1975 2850 parte
2005 2762 2275 2830 dimidia
2300 2764 2486 2830 insti-

353 2876 536 2929 tutus
567 2867 643 2944 C.
686 2864 1000 2928 Octauius
1033 2866 1261 2929 sororis
1292 2887 1491 2948 nepos
1523 2876 1591 2948 et
1618 2865 1689 2928 in
1717 2888 1957 2930 nomen
1988 2869 2329 2951 adoptatus
2361 2879 2479 2933 est.

355 2964 648 3028 Caesaris
681 2987 912 3048 corpus
942 2987 1093 3028 cum
1121 2966 1191 3027 in
1221 2987 1519 3048 campum
1550 2967 1864 3030 Martium
1890 2969 2196 3045 ferretur,
2234 2991 2274 3032 a
2300 2971 2485 3052 plebe

254 3077 320 3126 25
354 3074 504 3127 ante
534 3073 739 3127 rostra
767 3074 1120 3128 crematum
1159 3075 1278 3129 est.
1341 3065 1698 3129 dictaturae
1741 3067 1947 3129 honos
1991 3067 2064 3129 in
2101 3081 2488 3151 perpetuum

355 3166 648 3229 sublatus
681 3177 799 3230 est.
818 3174 858 3246 †
891 3167 1239 3232 Chamates
1270 3165 1675 3230 humillimae
1704 3166 1893 3230 sortis
1922 3167 2137 3244 homo,
2173 3167 2285 3251 qui
2314 3191 2381 3232 se
2405 3173 2481 3235 C.

353 3267 526 3332 Mari
552 3267 764 3332 filium
792 3269 1036 3333 ferebat
1049 3318 1067 3345 ‚
1119 3289 1270 3332 cum
1297 3270 1470 3351 apud
1501 3269 1644 3331 cred
1652 3268 1827 3332 ulam
1855 3268 2110 3354 plebem
2140 3269 2484 3338 seditiones

355 3381 682 3447 moueret,
718 3381 986 3435 necatus
1019 3381 1136 3435 est.

357 3600 387 3648 2
413 3597 650 3650 maximo
675 3615 707 3650 r
731 3598 750 3668 [Ι
778 3601 808 3651 3
833 3599 1118 3669 pompeius
1143 3617 1208 3652 ex
1249 3611 1312 3652 Ν.
1351 3607 1487 3669 puto
1519 3599 1777 3670 quaedam
1814 3601 1877 3654 de
1911 3607 2083 3655 morte
2126 3603 2226 3656 C'n.
2265 3603 2491 3674 Pompei

353 3675 619 3728 excidisse.
648 3675 668 3745 ΙΙ
695 3680 728 3729 6
749 3677 822 3730 ·in
845 3677 1093 3748 hispania
1113 3689 1198 3741 Νς
1223 3677 1240 3748 fl
1266 3679 1426 3732 multi
1459 3695 1623 3750 quam
1658 3679 1987 3751 maximique
2022 3699 2055 3733 r
2078 3681 2097 3752 fl
2125 3684 2153 3733 7
2198 3681 2249 3735 ei
2286 3701 2319 3736 a
2350 3701 2383 3736 r
2408 3685 2427 3753 ΙΙ
2454 3689 2485 3739 8

349 3759 504 3821 pater
531 3771 597 3814 ςν
621 3754 640 3823 ΙΙ
666 3758 698 3806 9
723 3771 938 3808 causam
963 3755 1226 3809 aduersus
1251 3774 1376 3810 eum
1409 3774 1442 3809 r
1466 3758 1484 3826 [1
1509 3757 1897 3826 praestiterunt
1936 3772 2003 3820 gr
2027 3758 2047 3828 [Ι
2076 3761 2139 3811 10
2178 3765 2234 3812 et
2270 3761 2455 3814 addidi
2465 3782 2483 3818 .-

351 3847 435 3882 om
467 3842 584 3893 Νςν
607 3830 625 3900 ΙΙ
653 3832 927 3884 deferente
965 3831 1040 3902 rss
1084 3836 1140 3885 11
1185 3833 1408 3887 minime
1444 3853 1476 3887 r
1513 3834 1593 3904 ssa
1626 3835 1734 3886 add
1773 3835 2083 3904 Gryphim:
2117 3855 2200 3888 om
2233 3839 2392 3908 Νςνη
2422 3843 2482 3893 12

353 3906 592 3977 collegae
613 3919 699 3972 Νς
722 3909 740 3979 ss
772 3914 833 3961 14
859 3910 1078 3964 Marulo
1103 3919 1160 3965 et
1185 3912 1433 3965 Ceseceio
1459 3931 1490 3964 r
1515 3913 1533 3983 n
1561 3919 1617 3965 et
1643 3925 1759 3974 Νςν
1784 3913 1803 3982 ΙΙ
1834 3915 1895 3966 15
1920 3913 2269 3968 monentibus
2304 3925 2483 3986 poten-

349 3993 434 4040 tas
459 4003 490 4040 r
515 3987 534 4056 ΙΙ
564 3990 626 4040 17
653 3991 709 4040 et
733 3987 795 4041 C.
821 3987 1122 4040 Trebonius
1147 3994 1203 4040 et
1227 3987 1443 4041 Cassius
1469 3995 1525 4041 et
1547 4005 1580 4040 r
1604 3987 1622 4057 ἥ
1650 4003 1697 4040 c.
1724 4003 1809 4040 om
1832 3999 1948 4050 Ngr
1972 3987 1991 4056 ΙΙ
2023 3990 2085 4040 18
2112 3994 2167 4040 et
2198 4007 2273 4042 m.
2300 3993 2481 4046 trebo-

349 4065 474 4119 nius
496 4079 610 4131 Νς,
639 4083 724 4119 om
763 4083 796 4120 r
819 4065 838 4135 l!
864 4066 1014 4118 curia
1050 4065 1296 4134 Pompeii
1321 4083 1352 4116 r
1377 4066 1396 4135 11
1423 4069 1480 4118 21
1513 4065 1581 4118 de
1606 4063 1790 4118 liberis
1812 4075 1898 4127 Νς
1920 4064 1940 4134 ΙΙ
1966 4067 2030 4118 22
2056 4065 2277 4121 institua
2300 4069 2391 4140 ΝΙΙ
2417 4075 2482 4126 23

353 4160 422 4196 ex
459 4159 641 4197 sorore
676 4159 709 4196 r
733 4142 752 4213 ss
779 4145 846 4196 25
884 4141 1162 4196 chamaces
1188 4161 1271 4206 ςν.
1301 4144 1363 4197 C.
1390 4143 1643 4198 Amatius
1666 4141 1917 4212 Siqonim
1942 4145 1962 4213 Ι]
1990 4143 2053 4196 26
2081 4161 2128 4197 c.
2156 4163 2239 4198 om
2262 4147 2352 4217 Νη

2058 4231 2141 4291 7*
