3052 4823
1025 323 1086 366 T.
1125 323 1268 368 1.1v1
1299 323 1787 367 xmus-xxm.
2396 303 2483 376 29,

351 495 478 536 1108.
531 474 655 536 Cn.
693 467 968 536 Fuluius
1011 483 1266 554 praetor
1299 471 1468 534 male
1499 473 1807 535 aduersus
1840 471 2287 534 Hannibalem
2316 493 2477 556 pug-

347 573 556 637 nauit.
608 573 678 635 in
721 595 850 656 quo
891 573 1135 656 proelio
1161 559 1272 636 Ἑῑ
1313 572 1654 636 11011111111111
1698 572 2100 648 ceciderunt3
2150 573 2287 656 ipse
2330 595 2480 636 eum

350 674 676 758 equitibus
701 695 772 738 cc
787 674 1034 758 effugit.
1071 674 1386 738 Claudius
1403 663 1751 737 Marcellus
1772 673 2119 757 Syracusas
2150 695 2477 758 expugna-

349 776 447 839 uit
478 775 670 839 tertio
701 797 874 838 anno
903 785 968 838 et
1009 776 1342 859 ingentem
1373 797 1440 838 se
1471 775 1688 837 uirum
1710 775 1931 858 gessit.
1980 775 2051 837 in
2082 797 2159 838 eo
2190 776 2477 848 tumultu

287 887 316 932 5
355 887 580 959 captae
610 876 790 947 urbis
831 877 1248 940 Archimedes
1294 876 1589 940 intentus
1633 876 1853 939 formis
1900 899 2058 960 quas
2100 876 2171 939 in
2212 877 2479 959 puluere

351 977 767 1060 descripserat
797 978 1174 1064 interfectus
1205 988 1322 1041 est.
1387 980 1466 1040 P.
1503 988 1569 1040 et
1599 978 1724 1041 Cn.
1763 977 2094 1060 Scipiones
2136 977 2206 1039 in
2237 977 2489 1060 Hispa<

352 1078 464 1140 nia
493 1088 591 1141 tot
629 1102 844 1143 rerum
885 1079 1160 1142 feliciter
1209 1090 1538 1162 gestarum
1580 1079 1829 1142 tristem
1872 1078 2121 1142 exitum
2160 1079 2477 1154 tulerunt,

354 1200 549 1263 prope
601 1201 753 1242 cum
803 1181 956 1244 totis
1008 1181 1394 1245 exercitibus
1447 1180 1617 1244 caesi
1668 1202 1837 1244 anno
1889 1192 2117 1243 octauo
2172 1203 2365 1264 quam
2411 1180 2482 1242 in

355 1281 748 1364 Hispaniam
778 1282 1015 1345 ienmt.
1067 1283 1428 1367 amissaque
1472 1283 1612 1344 eius
1647 1281 2017 1364 prouinciae
2043 1281 2357 1365 possessio
2386 1282 2480 1345 fo-

258 1393 323 1442 10
353 1392 452 1444 ret
468 1429 488 1458 ,
551 1382 681 1452 nisi
722 1385 801 1446 L.
853 1383 1060 1447 Marci
1102 1385 1336 1469 equitis
1390 1383 1675 1446 Romani
1726 1383 1968 1446 uirtute
2020 1394 2085 1446 et
2133 1384 2476 1460 industria,

358 1484 700 1548 contractis
732 1485 1135 1548 exercituum
1162 1484 1450 1567 reliquiis
1470 1533 1489 1560 ,
1552 1473 1841 1548 eiusdem
1871 1484 2132 1548 hortatu
2160 1486 2317 1549 bina
2346 1507 2480 1550 cas-

355 1595 455 1646 tra
484 1584 768 1648 hostium
799 1597 1172 1670 expugnata
1213 1597 1446 1650 essent.
1532 1589 1615 1650 ad
1656 1608 1851 1652 xxva
1884 1608 2089 1664 caesa,
2124 1595 2163 1667 †
2193 1609 2273 1650 ex
2301 1588 2485 1651 mille

357 1684 785 1768 octingentos,
801 1690 1040 1771 praeda
1053 1688 1284 1770 ingens
1301 1698 1510 1771 capta.
1529 1691 1665 1752 dux
1677 1688 1962 1754 Marcius
1976 1689 2338 1773 appellatus
2353 1699 2474 1752 est.

1090 1925 1218 1987 EX
1261 1925 1437 1988 LIB.
1487 1925 1754 1989 XXVI.

262 2105 324 2154 15
357 2092 699 2155 Hannibal
730 2095 812 2155 ad
842 2093 1107 2156 tertium
1147 2093 1430 2177 lapidem
1475 2095 1555 2156 ab
1600 2096 1757 2157 urbe
1802 2095 2012 2158 Roma
2055 2115 2247 2178 super
2284 2093 2483 2156 Anie-

357 2214 509 2256 nem
539 2204 746 2257 castra
774 2194 1012 2277 posuit.
1059 2194 1196 2276 ipse
1227 2217 1376 2258 cum
1406 2196 1659 2259 duobus
1680 2195 1943 2259 milibus
1966 2195 2257 2278 equitum
2277 2217 2484 2278 usque

361 2295 442 2356 ad
472 2294 681 2377 ipsam
711 2297 1041 2378 Capenam
1068 2308 1351 2378 portam,
1402 2307 1478 2360 ut
1509 2297 1708 2360 situm
1752 2297 1929 2360 urbis
1974 2297 2331 2378 exploraret
2374 2297 2507 2363 ob-.

361 2395 698 2478 equitauit.
751 2407 816 2460 et
845 2419 994 2460 cum
1021 2419 1136 2480 per
1165 2396 1454 2461 triduum
1482 2397 1553 2460 in
1584 2397 1787 2461 aciem
1814 2397 2138 2481 utrimque
2168 2397 2483 2460 exercitus

358 2498 568 2561 omnis
599 2499 1052 2575 descendisset,
1089 2510 1411 2563 certamen
1443 2510 1789 2583 tempestas
1819 2498 2114 2575 diremit3
2152 2521 2307 2564 nam
2336 2522 2485 2561 cum

259 2608 328 2659 20
358 2597 429 2659 in
460 2608 668 2662 castra
705 2600 1011 2676 redisset,
1060 2601 1281 2665 statim
1325 2602 1633 2666 serenitas
1679 2612 1835 2664 erat.
1888 2603 2111 2683 Capua
2155 2611 2343 2685 capta
2388 2612 2485 2665 est

363 2722 402 2761 a
432 2702 515 2767 Q.
553 2701 787 2764 Fuluio
834 2712 900 2784 et
940 2702 1154 2786 Appio
1184 2704 1458 2768 Claudio
1489 2727 1617 2769 cos.
1653 2702 1975 2788 principes
2009 2704 2485 2785 Campanorum

354 2822 616 2875 ,ueneno
648 2802 772 2865 sibi
802 2815 1072 2867 mortem
1104 2806 1576 2869 consciuerant.
1640 2827 1791 2869 cum
1830 2815 2094 2869 senatus
2124 2806 2484 2888 Campano-

361 2925 507 2965 rum
538 2904 856 2986 deligatus
888 2916 1055 2969 esset
1086 2907 1168 2968 ad
1195 2907 1376 2988 palos
1421 2916 1496 2969 ut
1540 2907 1746 2971 securi
1792 2907 2124 2981 feriretur,
2186 2907 2403 2969 literas
2449 2930 2487 2969 a

366 3014 596 3066 senatu
625 3006 852 3069 missas
884 3009 966 3074 Q.
1004 3008 1278 3071 Fuluius
1309 3009 1537 3071 consul
1569 3009 1801 3091 quibus
1832 3008 2175 3070 iubebatur
2202 3030 2482 3090 parcere,

260 3120 330 3169 25
363 3116 709 3188 antequam
738 3108 980 3189 legeret
1008 3108 1078 3170 in
1123 3107 1272 3170 sinu
1317 3107 1536 3190 posuit
1592 3120 1657 3171 et
1700 3110 1843 3191 lege
1888 3108 1994 3192 agi
2022 3106 2212 3169 iussit
2243 3117 2307 3169 et
2338 3128 2485 3189 sup-

362 3206 630 3290 plicium
659 3209 928 3291 peregit.
992 3231 1141 3271 cum
1171 3209 1448 3273 comitiis
1495 3220 1656 3293 aput
1694 3211 2009 3292 populum
2052 3218 2483 3291 quaereretur,

364 3309 470 3373 cui
499 3311 912 3373 mandaretur
952 3310 1423 3393 Hispaniarum
1465 3310 1809 3395 imperium
1825 3360 1845 3389 ,
1894 3312 2075 3375 nullo
2118 3309 2187 3373 id
2226 3310 2487 3373 uolente

362 3578 393 3627 2
410 3563 522 3627 ‘x—vi
547 3575 740 3628 Liuius
766 3580 826 3628 21
859 3576 876 3646 ΙΙ
905 3580 934 3629 3
962 3590 1030 3629 cc
1055 3595 1140 3629 om
1162 3590 1214 3637 Ν
1233 3577 1251 3647 ΙΙ
1278 3582 1308 3629 -1
1335 3594 1478 3631 anno
1505 3579 1667 3633 tertio
1696 3595 1762 3640 ςν
1788 3578 1805 3649 ΙΙ
1832 3596 1888 3631 se
1913 3598 1997 3631 om
2020 3591 2070 3631 Ν
2092 3579 2109 3649 1}
2138 3582 2167 3630 5
2192 3577 2343 3631 urbis
2368 3594 2489 3647 cap·

357 3658 447 3703 tae
471 3668 503 3703 r
528 3651 546 3722 ss
575 3656 605 3705 6
630 3652 772 3705 inter
798 3653 1040 3706 defectus
1076 3666 1127 3706 N
1148 3654 1164 3723 ὶΙ
1193 3659 1220 3705 7
1248 3660 1332 3706 tot
1370 3661 1752 3725 tantarumque
1790 3673 1821 3706 r
1846 3656 1863 3725 ss
1890 3652 2119 3709 exitium
2154 3668 2238 3718 Νς
2263 3655 2281 3724 ΙΙ
2306 3659 2337 3707 9
2375 3655 2488 3707 iue-

361 3742 487 3788 rant
511 3754 578 3798 ςν
603 3738 620 3807 ΙΙ
647 3738 953 3806 prouintiae
976 3751 1028 3791 N
1049 3739 1066 3808 ΙΙ
1099 3744 1159 3793 12
1185 3752 1400 3792 XXXVII
1425 3740 1619 3792 Liuius
1634 3743 1697 3791 39
1726 3742 1741 3809 ΙΙ
1775 3742 1833 3791 13
1862 3740 2187 3809 octingentis
2216 3757 2281 3801 ςν
2306 3740 2323 3809 ss
2344 3737 2489 3808 ‘cap-

361 3821 448 3867 tos
474 3816 545 3868 ad
577 3816 726 3869 mille
763 3817 1106 3887 octingentos
1143 3818 1396 3886 triginta,
1438 3819 1693 3887 praedam
1732 3818 2009 3887 ingentem
2049 3813 2270 3887 partam’
2296 3816 2490 3868 Liuius

359 3896 430 3945 39
457 3892 474 3961 ΙΙ
506 3896 567 3945 15
593 3894 816 3947 tertium
840 3896 909 3947 ab
935 3895 1068 3948 urbe
1091 3896 1270 3948 Roma
1292 3895 1526 3965 lapidem
1552 3914 1583 3947 r
1609 3897 1626 3965 ss
1658 3899 1721 3949 16
1759 3896 1875 3966 ipse
1910 3914 2041 3948 uero
2082 3913 2113 3948 r
2138 3895 2156 3964 ΙΙ
2188 3899 2245 3947 17
2274 3897 2345 3948 ad
2368 3914 2489 3964 por-

361 3977 474 4023 tam
499 3971 773 4041 Capenam
796 3990 828 4025 r
853 3972 870 4043 ss
898 3973 1166 4027 Collinam
1189 3973 1500 4025 Perizonius
1524 3973 1797 4030 animadu.
1826 3973 1951 4025 hist.
1971 3976 2003 4025 9
2028 3992 2055 4025 e
2078 3972 2240 4025 Liuio
2268 3976 2330 4025 10
2360 3972 2375 4042 fl
2402 3990 2491 4025 ur-

353 4048 441 4101 bis
480 4049 647 4103 situm
681 4069 712 4103 r
737 4051 755 4120 11
788 4054 850 4104 18
874 4051 1105 4114 biduum
1127 4050 1322 4103 Liuius
1362 4053 1420 4101 11
1451 4050 1469 4120 ΙΙ
1496 4054 1563 4103 20
1597 4050 1887 4103 rediissent
1926 4070 1991 4113 ςν
2016 4051 2033 4120 fl
2062 4054 2121 4103 21
2152 4068 2291 4119 aque
2314 4050 2488 4104 fuluio

357 4141 409 4181 N
430 4129 450 4199 ss
477 4132 541 4181 22
569 4130 951 4182 consciuerunt
973 4137 1202 4183 mortem
1226 4148 1257 4182 r
1281 4131 1300 4198 ss
1328 4132 1392 4181 26
1420 4128 1475 4182 in
1501 4127 1732 4181 comitiis
1758 4146 1789 4179 r
1814 4129 1833 4198 ΙΙ
