<?xml version="1.0" encoding="UTF-8"?>
<!DOCTYPE html PUBLIC "-//W3C//DTD XHTML 1.0 Transitional//EN"
    "http://www.w3.org/TR/xhtml1/DTD/xhtml1-transitional.dtd">
<html xmlns="http://www.w3.org/1999/xhtml" xml:lang="en" lang="en">
 <head>
  <title>
</title>
<meta http-equiv="Content-Type" content="text/html;charset=utf-8" />
  <meta name='ocr-system' content='tesseract 3.04.00' />
  <meta name='ocr-capabilities' content='ocr_page ocr_carea ocr_par ocr_line ocrx_word'/>
</head>
<body>
  <div class='ocr_page' id='page_1' title='image "./tliviaburbecond00jahngoog_0044.png"; bbox 0 0 3052 4823; ppageno 0'>
   <div class='ocr_carea' id='block_1_1' title="bbox 1203 331 2548 395">
    <p class='ocr_par' dir='ltr' id='par_1_1' title="bbox 1203 331 2548 395">
     <span class='ocr_line' id='line_1_1' title="bbox 1203 331 2548 395; baseline -0.001 -3"><span class='ocrx_word' id='word_1_1' title='bbox 1203 352 1264 393; x_wconf 89' lang='lat' dir='ltr'><strong>T.</strong></span> <span class='ocrx_word' id='word_1_2' title='bbox 1302 352 1444 395; x_wconf 75' lang='lat' dir='ltr'><strong>mvl</strong></span> <span class='ocrx_word' id='word_1_3' title='bbox 1478 351 1764 394; x_wconf 75' lang='lat' dir='ltr'><strong>VI—vn.</strong></span> <span class='ocrx_word' id='word_1_4' title='bbox 2471 331 2548 390; x_wconf 87' lang='lat'><strong>13</strong></span> 
     </span>
    </p>
   </div>
   <div class='ocr_carea' id='block_1_2' title="bbox 329 499 2669 3135">
    <p class='ocr_par' dir='ltr' id='par_1_2' title="bbox 329 499 2669 3135">
     <span class='ocr_line' id='line_1_2' title="bbox 420 499 2549 585; baseline -0.003 -18"><span class='ocrx_word' id='word_1_5' title='bbox 420 503 645 567; x_wconf 87' lang='lat' dir='ltr'><strong>territa</strong></span> <span class='ocrx_word' id='word_1_6' title='bbox 670 500 884 585; x_wconf 88' lang='lat' dir='ltr'><strong>patria</strong></span> <span class='ocrx_word' id='word_1_7' title='bbox 911 500 1097 576; x_wconf 86' lang='lat' dir='ltr'><strong>foret,</strong></span> <span class='ocrx_word' id='word_1_8' title='bbox 1133 510 1288 567; x_wconf 91' lang='lat' dir='ltr'><strong>tunc</strong></span> <span class='ocrx_word' id='word_1_9' title='bbox 1320 501 1538 563; x_wconf 91' lang='lat' dir='ltr'><strong>omnia</strong></span> <span class='ocrx_word' id='word_1_10' title='bbox 1564 501 1843 584; x_wconf 87' lang='lat' dir='ltr'><strong>pretiosa</strong></span> <span class='ocrx_word' id='word_1_11' title='bbox 1870 499 2067 564; x_wconf 86' lang='lat' dir='ltr'><strong>missa</strong></span> <span class='ocrx_word' id='word_1_12' title='bbox 2088 510 2243 562; x_wconf 87' lang='lat' dir='ltr'><strong>sunt</strong></span> <span class='ocrx_word' id='word_1_13' title='bbox 2269 500 2341 562; x_wconf 88' lang='lat' dir='ltr'><strong>in</strong></span> <span class='ocrx_word' id='word_1_14' title='bbox 2370 521 2549 582; x_wconf 90' lang='lat' dir='ltr'><strong>prae-</strong></span> 
     </span>
     <span class='ocr_line' id='line_1_3' title="bbox 421 597 2571 686; baseline -0.003 -17"><span class='ocrx_word' id='word_1_15' title='bbox 421 607 622 670; x_wconf 85' lang='lat' dir='ltr'>altam</span> <span class='ocrx_word' id='word_1_16' title='bbox 649 603 1028 686; x_wconf 86' lang='lat' dir='ltr'><strong>uoraginem</strong></span> <span class='ocrx_word' id='word_1_17' title='bbox 1058 602 1234 665; x_wconf 87' lang='lat' dir='ltr'><strong>urbis</strong></span> <span class='ocrx_word' id='word_1_18' title='bbox 1276 597 1633 665; x_wconf 86' lang='lat' dir='ltr'><strong>Romanae.</strong></span> <span class='ocrx_word' id='word_1_19' title='bbox 1682 603 1754 666; x_wconf 88' lang='lat' dir='ltr'><strong>in</strong></span> <span class='ocrx_word' id='word_1_20' title='bbox 1798 625 1939 666; x_wconf 87' lang='lat' dir='ltr'><strong>eam</strong></span> <span class='ocrx_word' id='word_1_21' title='bbox 1971 601 2235 667; x_wconf 87' lang='lat' dir='ltr'><strong>Curtius</strong></span> <span class='ocrx_word' id='word_1_22' title='bbox 2268 597 2571 664; x_wconf 79' lang='lat' dir='ltr'><strong>armatus</strong></span> 
     </span>
     <span class='ocr_line' id='line_1_4' title="bbox 422 703 2555 788; baseline -0.003 -18"><span class='ocrx_word' id='word_1_23' title='bbox 422 710 650 771; x_wconf 88' lang='lat' dir='ltr'><strong>sedens</strong></span> <span class='ocrx_word' id='word_1_24' title='bbox 693 727 858 788; x_wconf 87' lang='lat' dir='ltr'><strong>equo</strong></span> <span class='ocrx_word' id='word_1_25' title='bbox 897 703 1348 788; x_wconf 89' lang='lat' dir='ltr'><strong>praecipitauit</strong></span> <span class='ocrx_word' id='word_1_26' title='bbox 1377 703 1470 768; x_wconf 89' lang='lat' dir='ltr'><strong>ita</strong></span> <span class='ocrx_word' id='word_1_27' title='bbox 1515 705 1859 787; x_wconf 83' lang='lat' dir='ltr'><strong>expletam.</strong></span> <span class='ocrx_word' id='word_1_28' title='bbox 1926 706 2004 767; x_wconf 92' lang='lat' dir='ltr'><strong>T.</strong></span> <span class='ocrx_word' id='word_1_29' title='bbox 2056 703 2345 767; x_wconf 88' lang='lat' dir='ltr'><strong>Manlius</strong></span> <span class='ocrx_word' id='word_1_30' title='bbox 2398 705 2555 766; x_wconf 91' lang='lat' dir='ltr'><strong>adu-</strong></span> 
     </span>
     <span class='ocr_line' id='line_1_5' title="bbox 421 805 2549 890; baseline -0.003 -18"><span class='ocrx_word' id='word_1_31' title='bbox 421 811 700 884; x_wconf 84' lang='lat' dir='ltr'><strong>lescens,</strong></span> <span class='ocrx_word' id='word_1_32' title='bbox 767 806 879 890; x_wconf 87' lang='lat' dir='ltr'><strong>qui</strong></span> <span class='ocrx_word' id='word_1_33' title='bbox 921 817 1171 890; x_wconf 89' lang='lat' dir='ltr'><strong>patrem</strong></span> <span class='ocrx_word' id='word_1_34' title='bbox 1217 829 1256 869; x_wconf 92' lang='lat' dir='ltr'><strong>a</strong></span> <span class='ocrx_word' id='word_1_35' title='bbox 1298 806 1647 870; x_wconf 89' lang='lat' dir='ltr'><strong>tribunicia</strong></span> <span class='ocrx_word' id='word_1_36' title='bbox 1687 807 2033 869; x_wconf 85' lang='lat' dir='ltr'><strong>uexatione</strong></span> <span class='ocrx_word' id='word_1_37' title='bbox 2078 805 2549 881; x_wconf 88' lang='lat' dir='ltr'><strong>uindicauerat‚</strong></span> 
     </span>
     <span class='ocr_line' id='line_1_6' title="bbox 359 907 2552 991; baseline -0.002 -16"><span class='ocrx_word' id='word_1_38' title='bbox 359 927 390 974; x_wconf 88' lang='lat'><strong>5</strong></span> <span class='ocrx_word' id='word_1_39' title='bbox 419 921 642 975; x_wconf 89' lang='lat' dir='ltr'><strong>contra</strong></span> <span class='ocrx_word' id='word_1_40' title='bbox 673 909 943 973; x_wconf 82' lang='lat' dir='ltr'><strong>Gallum</strong></span> <span class='ocrx_word' id='word_1_41' title='bbox 969 918 1426 991; x_wconf 87' lang='lat' dir='ltr'><strong>prouocantem</strong></span> <span class='ocrx_word' id='word_1_42' title='bbox 1469 908 1751 991; x_wconf 84' lang='lat' dir='ltr'>aliquem</span> <span class='ocrx_word' id='word_1_43' title='bbox 1780 930 1861 970; x_wconf 79' lang='lat' dir='ltr'><strong>ex</strong></span> <span class='ocrx_word' id='word_1_44' title='bbox 1890 908 2206 972; x_wconf 86' lang='lat' dir='ltr'><strong>militibus</strong></span> <span class='ocrx_word' id='word_1_45' title='bbox 2238 907 2552 971; x_wconf 86' lang='lat' dir='ltr'><strong>Romanis</strong></span> 
     </span>
     <span class='ocr_line' id='line_1_7' title="bbox 423 1009 2554 1095; baseline -0.002 -19"><span class='ocrx_word' id='word_1_46' title='bbox 423 1014 494 1076; x_wconf 89' lang='lat' dir='ltr'><strong>in</strong></span> <span class='ocrx_word' id='word_1_47' title='bbox 519 1011 844 1095; x_wconf 86' lang='lat' dir='ltr'><strong>singulare</strong></span> <span class='ocrx_word' id='word_1_48' title='bbox 889 1021 1214 1074; x_wconf 88' lang='lat' dir='ltr'><strong>certamen</strong></span> <span class='ocrx_word' id='word_1_49' title='bbox 1257 1010 1588 1073; x_wconf 85' lang='lat' dir='ltr'><strong>descendit</strong></span> <span class='ocrx_word' id='word_1_50' title='bbox 1630 1010 1814 1092; x_wconf 93' lang='lat' dir='ltr'><strong>eique</strong></span> <span class='ocrx_word' id='word_1_51' title='bbox 1858 1009 2063 1073; x_wconf 91' lang='lat' dir='ltr'><strong>occiso</strong></span> <span class='ocrx_word' id='word_1_52' title='bbox 2112 1021 2399 1092; x_wconf 84' lang='lat' dir='ltr'><strong>torquem</strong></span> <span class='ocrx_word' id='word_1_53' title='bbox 2441 1031 2554 1074; x_wconf 86' lang='lat' dir='ltr'><strong>au-</strong></span> 
     </span>
     <span class='ocr_line' id='line_1_8' title="bbox 422 1110 2555 1195; baseline -0.001 -18"><span class='ocrx_word' id='word_1_54' title='bbox 422 1137 608 1178; x_wconf 90' lang='lat' dir='ltr'><strong>reum</strong></span> <span class='ocrx_word' id='word_1_55' title='bbox 638 1113 939 1188; x_wconf 81' lang='lat' dir='ltr'><strong>detraxit,</strong></span> <span class='ocrx_word' id='word_1_56' title='bbox 1017 1135 1170 1176; x_wconf 89' lang='lat' dir='ltr'><strong>uem</strong></span> <span class='ocrx_word' id='word_1_57' title='bbox 1197 1113 1333 1195; x_wconf 89' lang='lat' dir='ltr'><strong>ipse</strong></span> <span class='ocrx_word' id='word_1_58' title='bbox 1361 1121 1587 1195; x_wconf 89' lang='lat' dir='ltr'><strong>postea</strong></span> <span class='ocrx_word' id='word_1_59' title='bbox 1616 1110 1770 1174; x_wconf 89' lang='lat' dir='ltr'><strong>tulit</strong></span> <span class='ocrx_word' id='word_1_60' title='bbox 1792 1159 1812 1187; x_wconf 92' lang='lat'><strong><em>,</em></strong></span> <span class='ocrx_word' id='word_1_61' title='bbox 1868 1124 1931 1174; x_wconf 93' lang='lat' dir='ltr'><strong>et</strong></span> <span class='ocrx_word' id='word_1_62' title='bbox 1972 1134 2053 1174; x_wconf 84' lang='lat' dir='ltr'><strong>ex</strong></span> <span class='ocrx_word' id='word_1_63' title='bbox 2084 1134 2158 1174; x_wconf 92' lang='lat' dir='ltr'><strong>eo</strong></span> <span class='ocrx_word' id='word_1_64' title='bbox 2191 1113 2555 1194; x_wconf 87' lang='lat' dir='ltr'><strong>Torquatus</strong></span> 
     </span>
     <span class='ocr_line' id='line_1_9' title="bbox 425 1136 2548 1302; baseline -0.002 -22"><span class='ocrx_word' id='word_1_65' title='bbox 425 1228 524 1280; x_wconf 91' lang='lat' dir='ltr'><strong>est</strong></span> <span class='ocrx_word' id='word_1_66' title='bbox 552 1136 1184 1302; x_wconf 45' lang='lat' dir='ltr'><strong>nuncupatuszduae</strong></span> <span class='ocrx_word' id='word_1_67' title='bbox 1215 1214 1420 1277; x_wconf 90' lang='lat' dir='ltr'><strong>tribus</strong></span> <span class='ocrx_word' id='word_1_68' title='bbox 1453 1213 1731 1289; x_wconf 89' lang='lat' dir='ltr'><strong>additae,</strong></span> <span class='ocrx_word' id='word_1_69' title='bbox 1760 1213 2111 1296; x_wconf 90' lang='lat' dir='ltr'><strong>Pomptina</strong></span> <span class='ocrx_word' id='word_1_70' title='bbox 2139 1223 2205 1277; x_wconf 90' lang='lat' dir='ltr'><strong>et</strong></span> <span class='ocrx_word' id='word_1_71' title='bbox 2238 1213 2548 1277; x_wconf 88' lang='lat' dir='ltr'><strong>Publilia.</strong></span> 
     </span>
     <span class='ocr_line' id='line_1_10' title="bbox 425 1287 2669 1400; baseline -0.001 -20"><span class='ocrx_word' id='word_1_72' title='bbox 425 1317 716 1380; x_wconf 85' lang='lat' dir='ltr'><strong>Licinius</strong></span> <span class='ocrx_word' id='word_1_73' title='bbox 751 1318 930 1380; x_wconf 87' lang='lat' dir='ltr'><strong>Stolo</strong></span> <span class='ocrx_word' id='word_1_74' title='bbox 958 1317 1099 1400; x_wconf 87' lang='lat' dir='ltr'><strong>lege</strong></span> <span class='ocrx_word' id='word_1_75' title='bbox 1131 1338 1246 1380; x_wconf 84' lang='lat' dir='ltr'><strong>sua</strong></span> <span class='ocrx_word' id='word_1_76' title='bbox 1277 1317 1620 1378; x_wconf 88' lang='lat' dir='ltr'><strong>damnatus</strong></span> <span class='ocrx_word' id='word_1_77' title='bbox 1652 1325 1770 1392; x_wconf 87' lang='lat' dir='ltr'><strong>est,</strong></span> <span class='ocrx_word' id='word_1_78' title='bbox 1808 1318 1982 1398; x_wconf 91' lang='lat' dir='ltr'><strong>quod</strong></span> <span class='ocrx_word' id='word_1_79' title='bbox 2010 1317 2157 1398; x_wconf 89' lang='lat' dir='ltr'><strong>plus</strong></span> <span class='ocrx_word' id='word_1_80' title='bbox 2182 1287 2669 1399; x_wconf 49' lang='lat' dir='ltr'><strong>quingenfss‘*</strong></span> 
     </span>
     <span class='ocr_line' id='line_1_11' title="bbox 329 1402 2555 1501; baseline -0 -21"><span class='ocrx_word' id='word_1_81' title='bbox 329 1431 394 1481; x_wconf 88' lang='lat'><strong>10</strong></span> <span class='ocrx_word' id='word_1_82' title='bbox 423 1418 748 1501; x_wconf 86' lang='lat' dir='ltr'><strong>iugeribus</strong></span> <span class='ocrx_word' id='word_1_83' title='bbox 796 1418 935 1501; x_wconf 86' lang='lat' dir='ltr'><strong>agri</strong></span> <span class='ocrx_word' id='word_1_84' title='bbox 976 1417 1354 1500; x_wconf 82' lang='lat' dir='ltr'><strong>possideret.</strong></span> <span class='ocrx_word' id='word_1_85' title='bbox 1433 1418 1530 1479; x_wconf 91' lang='lat' dir='ltr'><strong>M.</strong></span> <span class='ocrx_word' id='word_1_86' title='bbox 1578 1402 1877 1482; x_wconf 86' lang='lat' dir='ltr'><strong>Valerius</strong></span> <span class='ocrx_word' id='word_1_87' title='bbox 1924 1417 2223 1479; x_wconf 90' lang='lat' dir='ltr'><strong>tribunus</strong></span> <span class='ocrx_word' id='word_1_88' title='bbox 2270 1416 2555 1479; x_wconf 86' lang='lat' dir='ltr'><strong>militum</strong></span> 
     </span>
     <span class='ocr_line' id='line_1_12' title="bbox 423 1519 2556 1603; baseline 0 -21"><span class='ocrx_word' id='word_1_89' title='bbox 423 1520 692 1584; x_wconf 87' lang='lat' dir='ltr'><strong>Gallum</strong></span> <span class='ocrx_word' id='word_1_90' title='bbox 731 1542 769 1582; x_wconf 90' lang='lat' dir='ltr'><strong>a</strong></span> <span class='ocrx_word' id='word_1_91' title='bbox 811 1543 940 1603; x_wconf 92' lang='lat' dir='ltr'><strong>quo</strong></span> <span class='ocrx_word' id='word_1_92' title='bbox 982 1529 1368 1603; x_wconf 89' lang='lat' dir='ltr'><strong>prouocatus</strong></span> <span class='ocrx_word' id='word_1_93' title='bbox 1425 1529 1561 1582; x_wconf 89' lang='lat' dir='ltr'><strong>erat</strong></span> <span class='ocrx_word' id='word_1_94' title='bbox 1614 1519 1937 1582; x_wconf 89' lang='lat' dir='ltr'><strong>insidente</strong></span> <span class='ocrx_word' id='word_1_95' title='bbox 1990 1520 2212 1603; x_wconf 82' lang='lat' dir='ltr'><strong>galeae</strong></span> <span class='ocrx_word' id='word_1_96' title='bbox 2255 1542 2449 1583; x_wconf 89' lang='lat' dir='ltr'><strong>coruo</strong></span> <span class='ocrx_word' id='word_1_97' title='bbox 2490 1531 2556 1582; x_wconf 90' lang='lat' dir='ltr'><strong>et</strong></span> 
     </span>
     <span class='ocr_line' id='line_1_13' title="bbox 425 1621 2556 1705; baseline -0 -21"><span class='ocrx_word' id='word_1_98' title='bbox 425 1623 753 1705; x_wconf 81' lang='lat' dir='ltr'><strong>unguibus</strong></span> <span class='ocrx_word' id='word_1_99' title='bbox 782 1633 1113 1705; x_wconf 87' lang='lat' dir='ltr'><strong>rostroque</strong></span> <span class='ocrx_word' id='word_1_100' title='bbox 1136 1623 1391 1684; x_wconf 88' lang='lat' dir='ltr'><strong>hostem</strong></span> <span class='ocrx_word' id='word_1_101' title='bbox 1426 1621 1772 1685; x_wconf 88' lang='lat' dir='ltr'><strong>infestante</strong></span> <span class='ocrx_word' id='word_1_102' title='bbox 1804 1621 2037 1685; x_wconf 86' lang='lat' dir='ltr'><strong>occidit</strong></span> <span class='ocrx_word' id='word_1_103' title='bbox 2068 1633 2133 1684; x_wconf 91' lang='lat' dir='ltr'><strong>et</strong></span> <span class='ocrx_word' id='word_1_104' title='bbox 2156 1643 2237 1683; x_wconf 83' lang='lat' dir='ltr'><strong>ex</strong></span> <span class='ocrx_word' id='word_1_105' title='bbox 2261 1643 2335 1684; x_wconf 91' lang='lat' dir='ltr'><strong>eo</strong></span> <span class='ocrx_word' id='word_1_106' title='bbox 2360 1621 2556 1685; x_wconf 87' lang='lat' dir='ltr'><strong>Corui</strong></span> 
     </span>
     <span class='ocr_line' id='line_1_14' title="bbox 424 1723 2554 1809; baseline 0 -24"><span class='ocrx_word' id='word_1_107' title='bbox 424 1745 662 1787; x_wconf 90' lang='lat' dir='ltr'><strong>nomen</strong></span> <span class='ocrx_word' id='word_1_108' title='bbox 691 1725 973 1809; x_wconf 86' lang='lat' dir='ltr'><strong>accepit,</strong></span> <span class='ocrx_word' id='word_1_109' title='bbox 1007 1725 1356 1807; x_wconf 80' lang='lat' dir='ltr'><strong>consulque</strong></span> <span class='ocrx_word' id='word_1_110' title='bbox 1386 1723 1678 1807; x_wconf 82' lang='lat' dir='ltr'><strong>proximo</strong></span> <span class='ocrx_word' id='word_1_111' title='bbox 1710 1745 1905 1798; x_wconf 90' lang='lat' dir='ltr'><strong>ann0‚</strong></span> <span class='ocrx_word' id='word_1_112' title='bbox 1956 1745 2101 1785; x_wconf 90' lang='lat' dir='ltr'><strong>cum</strong></span> <span class='ocrx_word' id='word_1_113' title='bbox 2136 1745 2339 1786; x_wconf 86' lang='lat' dir='ltr'><strong>annos</strong></span> <span class='ocrx_word' id='word_1_114' title='bbox 2368 1731 2554 1786; x_wconf 79' lang='lat' dir='ltr'>xx&#39;111</span> 
     </span>
     <span class='ocr_line' id='line_1_15' title="bbox 427 1825 2555 1908; baseline 0 -21"><span class='ocrx_word' id='word_1_115' title='bbox 427 1825 722 1904; x_wconf 90' lang='lat' dir='ltr'><strong>haberet,</strong></span> <span class='ocrx_word' id='word_1_116' title='bbox 765 1829 845 1890; x_wconf 91' lang='lat' dir='ltr'><strong>ob</strong></span> <span class='ocrx_word' id='word_1_117' title='bbox 889 1827 1201 1890; x_wconf 91' lang='lat' dir='ltr'><strong>uirtutem</strong></span> <span class='ocrx_word' id='word_1_118' title='bbox 1245 1837 1496 1889; x_wconf 90' lang='lat' dir='ltr'><strong>creatus</strong></span> <span class='ocrx_word' id='word_1_119' title='bbox 1529 1835 1647 1890; x_wconf 90' lang='lat' dir='ltr'><strong>est.</strong></span> <span class='ocrx_word' id='word_1_120' title='bbox 1701 1825 1984 1888; x_wconf 89' lang='lat' dir='ltr'><strong>amicitia</strong></span> <span class='ocrx_word' id='word_1_121' title='bbox 2025 1848 2174 1888; x_wconf 91' lang='lat' dir='ltr'><strong>cum</strong></span> <span class='ocrx_word' id='word_1_122' title='bbox 2220 1825 2555 1908; x_wconf 78' lang='lat' dir='ltr'><strong>Carthagi-</strong></span> 
     </span>
     <span class='ocr_line' id='line_1_16' title="bbox 329 1927 2555 2010; baseline 0 -21"><span class='ocrx_word' id='word_1_123' title='bbox 329 1940 393 1990; x_wconf 85' lang='lat'><strong>15</strong></span> <span class='ocrx_word' id='word_1_124' title='bbox 423 1929 731 1992; x_wconf 90' lang='lat' dir='ltr'><strong>nensibus</strong></span> <span class='ocrx_word' id='word_1_125' title='bbox 761 1928 986 1991; x_wconf 91' lang='lat' dir='ltr'><strong>iuncta</strong></span> <span class='ocrx_word' id='word_1_126' title='bbox 1013 1939 1131 1992; x_wconf 89' lang='lat' dir='ltr'><strong>est.</strong></span> <span class='ocrx_word' id='word_1_127' title='bbox 1185 1927 1531 2010; x_wconf 76' lang='lat' dir='ltr'><strong>Campani</strong></span> <span class='ocrx_word' id='word_1_128' title='bbox 1576 1949 1723 1990; x_wconf 90' lang='lat' dir='ltr'><strong>cum</strong></span> <span class='ocrx_word' id='word_1_129' title='bbox 1754 1950 1790 1990; x_wconf 89' lang='lat' dir='ltr'><strong>a</strong></span> <span class='ocrx_word' id='word_1_130' title='bbox 1822 1927 2221 1992; x_wconf 87' lang='lat' dir='ltr'><strong>Samnitibus</strong></span> <span class='ocrx_word' id='word_1_131' title='bbox 2250 1928 2421 1990; x_wconf 91' lang='lat' dir='ltr'><strong>bello</strong></span> <span class='ocrx_word' id='word_1_132' title='bbox 2450 1950 2555 1990; x_wconf 90' lang='lat' dir='ltr'><strong>ur-</strong></span> 
     </span>
     <span class='ocr_line' id='line_1_17' title="bbox 427 2028 2555 2112; baseline -0 -21"><span class='ocrx_word' id='word_1_133' title='bbox 427 2041 754 2112; x_wconf 86' lang='lat' dir='ltr'><strong>gerentur,</strong></span> <span class='ocrx_word' id='word_1_134' title='bbox 791 2031 1034 2094; x_wconf 86' lang='lat' dir='ltr'><strong>auxilio</strong></span> <span class='ocrx_word' id='word_1_135' title='bbox 1063 2033 1372 2094; x_wconf 86' lang='lat' dir='ltr'><strong>aduersus</strong></span> <span class='ocrx_word' id='word_1_136' title='bbox 1403 2052 1511 2097; x_wconf 91' lang='lat' dir='ltr'><strong>eos</strong></span> <span class='ocrx_word' id='word_1_137' title='bbox 1544 2052 1583 2092; x_wconf 98' lang='lat' dir='ltr'><strong>a</strong></span> <span class='ocrx_word' id='word_1_138' title='bbox 1612 2040 1840 2092; x_wconf 90' lang='lat' dir='ltr'><strong>senatu</strong></span> <span class='ocrx_word' id='word_1_139' title='bbox 1869 2031 2110 2112; x_wconf 90' lang='lat' dir='ltr'><strong>petit0,</strong></span> <span class='ocrx_word' id='word_1_140' title='bbox 2146 2051 2296 2092; x_wconf 88' lang='lat' dir='ltr'><strong>cum</strong></span> <span class='ocrx_word' id='word_1_141' title='bbox 2323 2028 2393 2091; x_wconf 85' lang='lat' dir='ltr'><strong>id</strong></span> <span class='ocrx_word' id='word_1_142' title='bbox 2422 2051 2555 2090; x_wconf 88' lang='lat' dir='ltr'><strong>non</strong></span> 
     </span>
     <span class='ocr_line' id='line_1_18' title="bbox 425 2131 2549 2216; baseline -0 -23"><span class='ocrx_word' id='word_1_143' title='bbox 425 2131 826 2216; x_wconf 77' lang='lat' dir='ltr'><strong>inpetrarent</strong></span> <span class='ocrx_word' id='word_1_144' title='bbox 840 2181 861 2210; x_wconf 90' lang='lat'>‚</span> <span class='ocrx_word' id='word_1_145' title='bbox 924 2132 1151 2195; x_wconf 90' lang='lat' dir='ltr'><strong>urbem</strong></span> <span class='ocrx_word' id='word_1_146' title='bbox 1191 2143 1255 2195; x_wconf 91' lang='lat' dir='ltr'><strong>et</strong></span> <span class='ocrx_word' id='word_1_147' title='bbox 1290 2143 1484 2215; x_wconf 77' lang='lat' dir='ltr'><strong>&#39;agros</strong></span> <span class='ocrx_word' id='word_1_148' title='bbox 1529 2133 1768 2215; x_wconf 88' lang='lat' dir='ltr'><strong>populo</strong></span> <span class='ocrx_word' id='word_1_149' title='bbox 1800 2135 2100 2196; x_wconf 88' lang='lat' dir='ltr'><strong>Romano</strong></span> <span class='ocrx_word' id='word_1_150' title='bbox 2147 2131 2549 2194; x_wconf 87' lang='lat' dir='ltr'><strong>dediderunt.</strong></span> 
     </span>
     <span class='ocr_line' id='line_1_19' title="bbox 429 2235 2555 2317; baseline -0 -20"><span class='ocrx_word' id='word_1_151' title='bbox 429 2235 509 2297; x_wconf 93' lang='lat' dir='ltr'><strong>ob</strong></span> <span class='ocrx_word' id='word_1_152' title='bbox 541 2257 736 2316; x_wconf 89' lang='lat' dir='ltr'><strong>quam</strong></span> <span class='ocrx_word' id='word_1_153' title='bbox 765 2257 1023 2298; x_wconf 87' lang='lat' dir='ltr'><strong>causam</strong></span> <span class='ocrx_word' id='word_1_154' title='bbox 1053 2257 1130 2297; x_wconf 91' lang='lat' dir='ltr'><strong>ea</strong></span> <span class='ocrx_word' id='word_1_155' title='bbox 1174 2257 1338 2316; x_wconf 89' lang='lat' dir='ltr'><strong>quae</strong></span> <span class='ocrx_word' id='word_1_156' title='bbox 1378 2235 1605 2317; x_wconf 90' lang='lat' dir='ltr'><strong>populi</strong></span> <span class='ocrx_word' id='word_1_157' title='bbox 1649 2235 1931 2298; x_wconf 89' lang='lat' dir='ltr'><strong>Romani</strong></span> <span class='ocrx_word' id='word_1_158' title='bbox 1976 2236 2147 2298; x_wconf 88' lang='lat' dir='ltr'><strong>facta</strong></span> <span class='ocrx_word' id='word_1_159' title='bbox 2186 2245 2403 2298; x_wconf 87' lang='lat' dir='ltr'><strong>essent</strong></span> <span class='ocrx_word' id='word_1_160' title='bbox 2448 2236 2555 2296; x_wconf 88' lang='lat' dir='ltr'><strong>de-</strong></span> 
     </span>
     <span class='ocr_line' id='line_1_20' title="bbox 429 2336 2555 2419; baseline 0 -22"><span class='ocrx_word' id='word_1_161' title='bbox 429 2336 607 2398; x_wconf 87' lang='lat' dir='ltr'><strong>fendi</strong></span> <span class='ocrx_word' id='word_1_162' title='bbox 634 2337 805 2400; x_wconf 90' lang='lat' dir='ltr'><strong>bello</strong></span> <span class='ocrx_word' id='word_1_163' title='bbox 836 2338 1142 2400; x_wconf 90' lang='lat' dir='ltr'><strong>aduersus</strong></span> <span class='ocrx_word' id='word_1_164' title='bbox 1177 2336 1499 2399; x_wconf 86' lang='lat' dir='ltr'><strong>Samnites</strong></span> <span class='ocrx_word' id='word_1_165' title='bbox 1540 2336 1808 2419; x_wconf 89' lang='lat' dir='ltr'><strong>placuit.</strong></span> <span class='ocrx_word' id='word_1_166' title='bbox 1872 2358 2021 2399; x_wconf 91' lang='lat' dir='ltr'><strong>cum</strong></span> <span class='ocrx_word' id='word_1_167' title='bbox 2065 2338 2144 2398; x_wconf 90' lang='lat' dir='ltr'><strong>ab</strong></span> <span class='ocrx_word' id='word_1_168' title='bbox 2187 2337 2359 2400; x_wconf 90' lang='lat' dir='ltr'><strong>Aulo</strong></span> <span class='ocrx_word' id='word_1_169' title='bbox 2402 2336 2555 2399; x_wconf 84' lang='lat' dir='ltr'><strong>Cor-</strong></span> 
     </span>
     <span class='ocr_line' id='line_1_21' title="bbox 333 2428 2571 2522; baseline 0 -23"><span class='ocrx_word' id='word_1_170' title='bbox 333 2449 399 2500; x_wconf 86' lang='lat'><strong>20</strong></span> <span class='ocrx_word' id='word_1_171' title='bbox 428 2438 601 2501; x_wconf 89' lang='lat' dir='ltr'><strong>nelio</strong></span> <span class='ocrx_word' id='word_1_172' title='bbox 646 2461 774 2503; x_wconf 79' lang='lat' dir='ltr'><strong>cos·</strong></span> <span class='ocrx_word' id='word_1_173' title='bbox 813 2439 1132 2506; x_wconf 77' lang='lat' dir='ltr'><strong>exercitus</strong></span> <span class='ocrx_word' id='word_1_174' title='bbox 1176 2438 1248 2501; x_wconf 89' lang='lat' dir='ltr'><strong>in</strong></span> <span class='ocrx_word' id='word_1_175' title='bbox 1297 2439 1514 2501; x_wconf 91' lang='lat' dir='ltr'><strong>locum</strong></span> <span class='ocrx_word' id='word_1_176' title='bbox 1536 2438 1804 2522; x_wconf 26' lang='lat' dir='ltr'><strong>‘inicum</strong></span> <span class='ocrx_word' id='word_1_177' title='bbox 1844 2441 2157 2501; x_wconf 79' lang='lat' dir='ltr'><strong>deductus</strong></span> <span class='ocrx_word' id='word_1_178' title='bbox 2201 2440 2273 2502; x_wconf 89' lang='lat' dir='ltr'><strong>in</strong></span> <span class='ocrx_word' id='word_1_179' title='bbox 2318 2428 2571 2521; x_wconf 82' lang='lat' dir='ltr'><strong>magno</strong></span> 
     </span>
     <span class='ocr_line' id='line_1_22' title="bbox 431 2540 2555 2625; baseline -0 -23"><span class='ocrx_word' id='word_1_180' title='bbox 431 2540 797 2603; x_wconf 84' lang='lat' dir='ltr'><strong>discrimine</strong></span> <span class='ocrx_word' id='word_1_181' title='bbox 829 2550 1030 2617; x_wconf 86' lang='lat' dir='ltr'><strong>esset,</strong></span> <span class='ocrx_word' id='word_1_182' title='bbox 1067 2543 1144 2604; x_wconf 92' lang='lat' dir='ltr'><strong>P.</strong></span> <span class='ocrx_word' id='word_1_183' title='bbox 1183 2540 1346 2603; x_wconf 87' lang='lat' dir='ltr'><strong>Deci</strong></span> <span class='ocrx_word' id='word_1_184' title='bbox 1377 2540 1587 2603; x_wconf 87' lang='lat' dir='ltr'><strong>Muris</strong></span> <span class='ocrx_word' id='word_1_185' title='bbox 1618 2540 2179 2625; x_wconf 28' lang='lat' dir='ltr'><strong>tribuni-militum</strong></span> <span class='ocrx_word' id='word_1_186' title='bbox 2208 2561 2399 2623; x_wconf 89' lang='lat' dir='ltr'><strong>opera</strong></span> <span class='ocrx_word' id='word_1_187' title='bbox 2429 2562 2555 2603; x_wconf 84' lang='lat' dir='ltr'><strong>ser-</strong></span> 
     </span>
     <span class='ocr_line' id='line_1_23' title="bbox 427 2642 2555 2725; baseline 0.001 -22"><span class='ocrx_word' id='word_1_188' title='bbox 427 2651 622 2723; x_wconf 87' lang='lat' dir='ltr'><strong>uatus</strong></span> <span class='ocrx_word' id='word_1_189' title='bbox 653 2653 771 2706; x_wconf 88' lang='lat' dir='ltr'><strong>est.</strong></span> <span class='ocrx_word' id='word_1_190' title='bbox 834 2642 947 2725; x_wconf 89' lang='lat' dir='ltr'><strong>qui</strong></span> <span class='ocrx_word' id='word_1_191' title='bbox 986 2651 1297 2725; x_wconf 91' lang='lat' dir='ltr'><strong>occupato</strong></span> <span class='ocrx_word' id='word_1_192' title='bbox 1328 2643 1489 2705; x_wconf 93' lang='lat' dir='ltr'><strong>colle</strong></span> <span class='ocrx_word' id='word_1_193' title='bbox 1521 2664 1712 2725; x_wconf 84' lang='lat' dir='ltr'><strong>super</strong></span> <span class='ocrx_word' id='word_1_194' title='bbox 1740 2642 1809 2705; x_wconf 90' lang='lat' dir='ltr'><strong>id</strong></span> <span class='ocrx_word' id='word_1_195' title='bbox 1838 2642 2061 2725; x_wconf 85' lang='lat' dir='ltr'><strong>iugum</strong></span> <span class='ocrx_word' id='word_1_196' title='bbox 2081 2690 2102 2719; x_wconf 87' lang='lat'><strong><em>,</em></strong></span> <span class='ocrx_word' id='word_1_197' title='bbox 2152 2642 2224 2704; x_wconf 91' lang='lat' dir='ltr'><strong>in</strong></span> <span class='ocrx_word' id='word_1_198' title='bbox 2269 2664 2395 2725; x_wconf 91' lang='lat' dir='ltr'><strong>quo</strong></span> <span class='ocrx_word' id='word_1_199' title='bbox 2441 2642 2555 2705; x_wconf 90' lang='lat' dir='ltr'><strong>Sa-</strong></span> 
     </span>
     <span class='ocr_line' id='line_1_24' title="bbox 425 2744 2559 2827; baseline 0.002 -22"><span class='ocrx_word' id='word_1_200' title='bbox 425 2744 662 2807; x_wconf 87' lang='lat' dir='ltr'><strong>mnites</strong></span> <span class='ocrx_word' id='word_1_201' title='bbox 678 2746 1120 2820; x_wconf 86' lang='lat' dir='ltr'><strong>consederant,</strong></span> <span class='ocrx_word' id='word_1_202' title='bbox 1156 2744 1555 2808; x_wconf 84' lang='lat' dir='ltr'><strong>occasionem</strong></span> <span class='ocrx_word' id='word_1_203' title='bbox 1584 2744 1834 2808; x_wconf 89' lang='lat' dir='ltr'><strong>consuli</strong></span> <span class='ocrx_word' id='word_1_204' title='bbox 1863 2745 1933 2807; x_wconf 91' lang='lat' dir='ltr'><strong>in</strong></span> <span class='ocrx_word' id='word_1_205' title='bbox 1964 2746 2325 2827; x_wconf 89' lang='lat' dir='ltr'><strong>aequiorem</strong></span> <span class='ocrx_word' id='word_1_206' title='bbox 2340 2747 2559 2809; x_wconf 90' lang='lat' dir='ltr'><strong>locum</strong></span> 
     </span>
     <span class='ocr_line' id='line_1_25' title="bbox 433 2846 2558 2932; baseline 0.002 -24"><span class='ocrx_word' id='word_1_207' title='bbox 433 2846 751 2908; x_wconf 90' lang='lat' dir='ltr'><strong>euadendi</strong></span> <span class='ocrx_word' id='word_1_208' title='bbox 781 2846 989 2921; x_wconf 82' lang='lat' dir='ltr'><strong>dedit3</strong></span> <span class='ocrx_word' id='word_1_209' title='bbox 1040 2846 1176 2929; x_wconf 89' lang='lat' dir='ltr'><strong>ipse</strong></span> <span class='ocrx_word' id='word_1_210' title='bbox 1209 2848 1288 2909; x_wconf 90' lang='lat' dir='ltr'><strong>ab</strong></span> <span class='ocrx_word' id='word_1_211' title='bbox 1317 2847 1611 2911; x_wconf 89' lang='lat' dir='ltr'><strong>hostibus</strong></span> <span class='ocrx_word' id='word_1_212' title='bbox 1642 2848 2093 2912; x_wconf 85' lang='lat' dir='ltr'><strong>circumsessus</strong></span> <span class='ocrx_word' id='word_1_213' title='bbox 2126 2848 2357 2932; x_wconf 90' lang='lat' dir='ltr'><strong>erupit.</strong></span> <span class='ocrx_word' id='word_1_214' title='bbox 2409 2872 2558 2913; x_wconf 89' lang='lat' dir='ltr'><strong>cum</strong></span> 
     </span>
     <span class='ocr_line' id='line_1_26' title="bbox 331 2948 2559 3031; baseline 0.004 -25"><span class='ocrx_word' id='word_1_215' title='bbox 331 2958 395 3007; x_wconf 88' lang='lat'><strong>25</strong></span> <span class='ocrx_word' id='word_1_216' title='bbox 426 2948 664 3011; x_wconf 87' lang='lat' dir='ltr'><strong>milites</strong></span> <span class='ocrx_word' id='word_1_217' title='bbox 695 2948 1015 3024; x_wconf 87' lang='lat' dir='ltr'><strong>Romani,</strong></span> <span class='ocrx_word' id='word_1_218' title='bbox 1064 2948 1177 3030; x_wconf 92' lang='lat' dir='ltr'><strong>qui</strong></span> <span class='ocrx_word' id='word_1_219' title='bbox 1223 2949 1484 3031; x_wconf 83' lang='lat' dir='ltr'><strong>Capuae</strong></span> <span class='ocrx_word' id='word_1_220' title='bbox 1526 2950 1598 3012; x_wconf 90' lang='lat' dir='ltr'><strong>in</strong></span> <span class='ocrx_word' id='word_1_221' title='bbox 1642 2950 1959 3031; x_wconf 89' lang='lat' dir='ltr'><strong>praesidio</strong></span> <span class='ocrx_word' id='word_1_222' title='bbox 1988 2950 2195 3013; x_wconf 90' lang='lat' dir='ltr'><strong>relicti</strong></span> <span class='ocrx_word' id='word_1_223' title='bbox 2227 2962 2443 3027; x_wconf 89' lang='lat' dir='ltr'><strong>erant,</strong></span> <span class='ocrx_word' id='word_1_224' title='bbox 2478 2954 2559 3014; x_wconf 91' lang='lat' dir='ltr'><strong>de</strong></span> 
     </span>
     <span class='ocr_line' id='line_1_27' title="bbox 431 3048 2556 3135; baseline 0.002 -24"><span class='ocrx_word' id='word_1_225' title='bbox 431 3051 804 3131; x_wconf 89' lang='lat' dir='ltr'><strong>occupanda</strong></span> <span class='ocrx_word' id='word_1_226' title='bbox 833 3051 990 3113; x_wconf 89' lang='lat' dir='ltr'><strong>urbe</strong></span> <span class='ocrx_word' id='word_1_227' title='bbox 1020 3048 1494 3131; x_wconf 87' lang='lat' dir='ltr'><strong>conspirassent</strong></span> <span class='ocrx_word' id='word_1_228' title='bbox 1524 3060 1588 3112; x_wconf 91' lang='lat' dir='ltr'><strong>et</strong></span> <span class='ocrx_word' id='word_1_229' title='bbox 1618 3054 1867 3114; x_wconf 91' lang='lat' dir='ltr'><strong>detecto</strong></span> <span class='ocrx_word' id='word_1_230' title='bbox 1899 3051 2166 3114; x_wconf 87' lang='lat' dir='ltr'><strong>consilio</strong></span> <span class='ocrx_word' id='word_1_231' title='bbox 2196 3063 2377 3115; x_wconf 87' lang='lat' dir='ltr'><strong>metu</strong></span> <span class='ocrx_word' id='word_1_232' title='bbox 2408 3075 2556 3135; x_wconf 85' lang='lat' dir='ltr'><strong>sup-</strong></span> 
     </span>
    </p>
   </div>
   <div class='ocr_carea' id='block_1_3' title="bbox 301 1291 340 1310">
    <p class='ocr_par' dir='ltr' id='par_1_3' title="bbox 301 1291 340 1310">
     <span class='ocr_line' id='line_1_28' title="bbox 301 1291 340 1310; baseline 0 0"><span class='ocrx_word' id='word_1_233' title='bbox 301 1291 340 1310; x_wconf 63' lang='lat'><strong>⁴-</strong></span> 
     </span>
    </p>
   </div>
   <div class='ocr_carea' id='block_1_4' title="bbox 423 3296 2599 4169">
    <p class='ocr_par' dir='ltr' id='par_1_4' title="bbox 423 3296 2599 4169">
     <span class='ocr_line' id='line_1_29' title="bbox 433 3296 2555 3383; baseline 0.004 -25"><span class='ocrx_word' id='word_1_234' title='bbox 433 3310 454 3358; x_wconf 92' lang='lat'>1</span> <span class='ocrx_word' id='word_1_235' title='bbox 483 3313 805 3375; x_wconf 86' lang='lat' dir='ltr'><strong>patentemr</strong></span> <span class='ocrx_word' id='word_1_236' title='bbox 830 3308 848 3379; x_wconf 83' lang='grc'><strong>[1</strong></span> <span class='ocrx_word' id='word_1_237' title='bbox 876 3313 905 3361; x_wconf 88' lang='grc'>2</span> <span class='ocrx_word' id='word_1_238' title='bbox 931 3309 1140 3363; x_wconf 89' lang='lat' dir='ltr'><strong>Romae</strong></span> <span class='ocrx_word' id='word_1_239' title='bbox 1165 3329 1196 3363; x_wconf 88' lang='lat' dir='ltr'><strong>r</strong></span> <span class='ocrx_word' id='word_1_240' title='bbox 1222 3312 1239 3383; x_wconf 82' lang='lat' dir='ltr'>ss</span> <span class='ocrx_word' id='word_1_241' title='bbox 1267 3316 1296 3365; x_wconf 92' lang='lat'><strong>3</strong></span> <span class='ocrx_word' id='word_1_242' title='bbox 1323 3312 1517 3365; x_wconf 88' lang='lat' dir='ltr'><strong>sedens</strong></span> <span class='ocrx_word' id='word_1_243' title='bbox 1542 3330 1628 3363; x_wconf 87' lang='lat' dir='ltr'><strong>om</strong></span> <span class='ocrx_word' id='word_1_244' title='bbox 1652 3329 1683 3363; x_wconf 84' lang='lat' dir='ltr'><strong>r</strong></span> <span class='ocrx_word' id='word_1_245' title='bbox 1708 3311 1725 3382; x_wconf 81' lang='lat' dir='ltr'>ss</span> <span class='ocrx_word' id='word_1_246' title='bbox 1753 3329 1809 3364; x_wconf 89' lang='lat' dir='ltr'><strong>se</strong></span> <span class='ocrx_word' id='word_1_247' title='bbox 1834 3296 2212 3383; x_wconf 73' lang='lat' dir='ltr'><strong>praecipitauit</strong></span> <span class='ocrx_word' id='word_1_248' title='bbox 2227 3330 2293 3375; x_wconf 80' lang='grc' dir='ltr'><strong>ςν</strong></span> <span class='ocrx_word' id='word_1_249' title='bbox 2317 3312 2336 3383; x_wconf 72' lang='lat' dir='ltr'>ss</span> <span class='ocrx_word' id='word_1_250' title='bbox 2362 3312 2440 3366; x_wconf 85' lang='lat' dir='ltr'><strong>ita</strong></span> <span class='ocrx_word' id='word_1_251' title='bbox 2463 3331 2555 3366; x_wconf 87' lang='lat' dir='ltr'><strong>ex-</strong></span> 
     </span>
     <span class='ocr_line' id='line_1_30' title="bbox 427 3386 2558 3461; baseline 0.003 -23"><span class='ocrx_word' id='word_1_252' title='bbox 427 3386 626 3455; x_wconf 88' lang='lat' dir='ltr'><strong>pletam</strong></span> <span class='ocrx_word' id='word_1_253' title='bbox 642 3386 838 3455; x_wconf 69' lang='lat' dir='ltr'><strong>scripsi</strong></span> <span class='ocrx_word' id='word_1_254' title='bbox 851 3407 869 3438; x_wconf 93' lang='lat'><strong>.·</strong></span> <span class='ocrx_word' id='word_1_255' title='bbox 897 3388 1137 3457; x_wconf 87' lang='lat' dir='ltr'><strong>expletat</strong></span> <span class='ocrx_word' id='word_1_256' title='bbox 1150 3402 1213 3453; x_wconf 91' lang='lat' dir='ltr'><strong>N,</strong></span> <span class='ocrx_word' id='word_1_257' title='bbox 1244 3396 1301 3442; x_wconf 91' lang='lat' dir='ltr'><strong>et</strong></span> <span class='ocrx_word' id='word_1_258' title='bbox 1317 3390 1535 3459; x_wconf 82' lang='lat' dir='ltr'><strong>expleta</strong></span> <span class='ocrx_word' id='word_1_259' title='bbox 1558 3395 1642 3442; x_wconf 81' lang='lat' dir='ltr'><strong>est</strong></span> <span class='ocrx_word' id='word_1_260' title='bbox 1657 3408 1707 3453; x_wconf 86' lang='grc' dir='ltr'><strong>ς,</strong></span> <span class='ocrx_word' id='word_1_261' title='bbox 1738 3406 1907 3459; x_wconf 81' lang='lat' dir='ltr'><strong>eaque</strong></span> <span class='ocrx_word' id='word_1_262' title='bbox 1932 3390 2149 3459; x_wconf 86' lang='lat' dir='ltr'><strong>expleta</strong></span> <span class='ocrx_word' id='word_1_263' title='bbox 2174 3399 2257 3444; x_wconf 89' lang='lat' dir='ltr'><strong>est</strong></span> <span class='ocrx_word' id='word_1_264' title='bbox 2280 3408 2311 3443; x_wconf 86' lang='lat' dir='ltr'><strong>r</strong></span> <span class='ocrx_word' id='word_1_265' title='bbox 2336 3392 2353 3461; x_wconf 77' lang='grc'><strong>1]</strong></span> <span class='ocrx_word' id='word_1_266' title='bbox 2381 3391 2558 3445; x_wconf 83' lang='lat' dir='ltr'><strong>lucius</strong></span> 
     </span>
     <span class='ocr_line' id='line_1_31' title="bbox 425 3463 2558 3539; baseline 0.004 -24"><span class='ocrx_word' id='word_1_267' title='bbox 425 3474 524 3525; x_wconf 88' lang='grc' dir='ltr'><strong>Νς,</strong></span> <span class='ocrx_word' id='word_1_268' title='bbox 555 3463 599 3515; x_wconf 88' lang='grc' dir='ltr'>Τ</span> <span class='ocrx_word' id='word_1_269' title='bbox 623 3482 708 3515; x_wconf 89' lang='lat' dir='ltr'><strong>om</strong></span> <span class='ocrx_word' id='word_1_270' title='bbox 732 3481 763 3515; x_wconf 88' lang='lat' dir='ltr'><strong>r</strong></span> <span class='ocrx_word' id='word_1_271' title='bbox 789 3465 808 3536; x_wconf 75' lang='lat' dir='ltr'>ss</span> <span class='ocrx_word' id='word_1_272' title='bbox 833 3469 865 3516; x_wconf 86' lang='lat'>4</span> <span class='ocrx_word' id='word_1_273' title='bbox 890 3465 1215 3519; x_wconf 86' lang='lat' dir='ltr'><strong>liberauerat</strong></span> <span class='ocrx_word' id='word_1_274' title='bbox 1233 3484 1264 3517; x_wconf 83' lang='lat' dir='ltr'><strong>r</strong></span> <span class='ocrx_word' id='word_1_275' title='bbox 1289 3468 1306 3537; x_wconf 80' lang='grc' dir='ltr'><strong>ΙΙ</strong></span> <span class='ocrx_word' id='word_1_276' title='bbox 1336 3474 1366 3520; x_wconf 85' lang='grc'><strong>6</strong></span> <span class='ocrx_word' id='word_1_277' title='bbox 1381 3466 1663 3520; x_wconf 88' lang='lat' dir='ltr'><strong>descendit</strong></span> <span class='ocrx_word' id='word_1_278' title='bbox 1686 3484 1718 3517; x_wconf 86' lang='lat' dir='ltr'><strong>r</strong></span> <span class='ocrx_word' id='word_1_279' title='bbox 1738 3488 1755 3516; x_wconf 91' lang='grc'><strong>.·</strong></span> <span class='ocrx_word' id='word_1_280' title='bbox 1782 3484 1867 3519; x_wconf 84' lang='lat' dir='ltr'><strong>om</strong></span> <span class='ocrx_word' id='word_1_281' title='bbox 1890 3479 2001 3531; x_wconf 81' lang='grc' dir='ltr'><strong>Νς,</strong></span> <span class='ocrx_word' id='word_1_282' title='bbox 2031 3468 2262 3521; x_wconf 87' lang='lat' dir='ltr'><strong>feliciter</strong></span> <span class='ocrx_word' id='word_1_283' title='bbox 2286 3471 2558 3539; x_wconf 86' lang='lat' dir='ltr'><strong>pugnauit</strong></span> 
     </span>
     <span class='ocr_line' id='line_1_32' title="bbox 423 3540 2559 3621; baseline 0.006 -30"><span class='ocrx_word' id='word_1_284' title='bbox 423 3558 500 3608; x_wconf 70' lang='lat'><strong>93</strong></span> <span class='ocrx_word' id='word_1_285' title='bbox 524 3540 542 3610; x_wconf 79' lang='grc' dir='ltr'><strong>ΙΙ</strong></span> <span class='ocrx_word' id='word_1_286' title='bbox 571 3543 600 3592; x_wconf 89' lang='lat'>8</span> <span class='ocrx_word' id='word_1_287' title='bbox 642 3542 883 3596; x_wconf 85' lang='lat' dir='ltr'><strong>adiectae</strong></span> <span class='ocrx_word' id='word_1_288' title='bbox 925 3563 961 3606; x_wconf 83' lang='grc' dir='ltr'><strong><em>ς</em></strong></span> <span class='ocrx_word' id='word_1_289' title='bbox 985 3544 1002 3615; x_wconf 77' lang='grc' dir='ltr'><strong>[Ι</strong></span> <span class='ocrx_word' id='word_1_290' title='bbox 1029 3545 1328 3617; x_wconf 88' lang='lat' dir='ltr'><strong>pomplinia</strong></span> <span class='ocrx_word' id='word_1_291' title='bbox 1361 3559 1435 3609; x_wconf 85' lang='lat' dir='ltr'><strong>N,</strong></span> <span class='ocrx_word' id='word_1_292' title='bbox 1479 3545 1854 3616; x_wconf 88' lang='lat' dir='ltr'><strong>Pomponiana</strong></span> <span class='ocrx_word' id='word_1_293' title='bbox 1891 3564 1925 3598; x_wconf 80' lang='lat' dir='ltr'><strong>r</strong></span> <span class='ocrx_word' id='word_1_294' title='bbox 1947 3547 1965 3617; x_wconf 79' lang='grc' dir='ltr'><strong>ΙΙ</strong></span> <span class='ocrx_word' id='word_1_295' title='bbox 1990 3547 2231 3616; x_wconf 82' lang='lat' dir='ltr'><strong>Publicia</strong></span> <span class='ocrx_word' id='word_1_296' title='bbox 2269 3566 2300 3601; x_wconf 87' lang='lat' dir='ltr'><strong>r</strong></span> <span class='ocrx_word' id='word_1_297' title='bbox 2326 3549 2343 3617; x_wconf 76' lang='grc' dir='ltr'>Η</span> <span class='ocrx_word' id='word_1_298' title='bbox 2371 3553 2401 3601; x_wconf 87' lang='grc'>9</span> <span class='ocrx_word' id='word_1_299' title='bbox 2438 3550 2559 3621; x_wconf 89' lang='lat' dir='ltr'><strong>lege</strong></span> 
     </span>
     <span class='ocr_line' id='line_1_33' title="bbox 427 3619 2599 3697; baseline 0.005 -26"><span class='ocrx_word' id='word_1_300' title='bbox 427 3636 526 3671; x_wconf 84' lang='lat' dir='ltr'><strong>sua</strong></span> <span class='ocrx_word' id='word_1_301' title='bbox 547 3619 774 3687; x_wconf 73' lang='lat' dir='ltr'><strong>scripsi:</strong></span> <span class='ocrx_word' id='word_1_302' title='bbox 813 3620 934 3691; x_wconf 87' lang='lat' dir='ltr'><strong>lege</strong></span> <span class='ocrx_word' id='word_1_303' title='bbox 975 3622 1087 3675; x_wconf 83' lang='lat' dir='ltr'><strong>lata</strong></span> <span class='ocrx_word' id='word_1_304' title='bbox 1119 3636 1231 3687; x_wconf 87' lang='grc' dir='ltr'><strong>Νς,</strong></span> <span class='ocrx_word' id='word_1_305' title='bbox 1279 3622 1399 3692; x_wconf 89' lang='lat' dir='ltr'><strong>lege</strong></span> <span class='ocrx_word' id='word_1_306' title='bbox 1447 3623 1514 3675; x_wconf 89' lang='lat' dir='ltr'><strong>ab</strong></span> <span class='ocrx_word' id='word_1_307' title='bbox 1554 3623 1673 3694; x_wconf 89' lang='lat' dir='ltr'><strong>ipso</strong></span> <span class='ocrx_word' id='word_1_308' title='bbox 1711 3622 1821 3675; x_wconf 85' lang='lat' dir='ltr'><strong>lata</strong></span> <span class='ocrx_word' id='word_1_309' title='bbox 1844 3641 1875 3675; x_wconf 88' lang='lat' dir='ltr'><strong>r</strong></span> <span class='ocrx_word' id='word_1_310' title='bbox 1900 3624 1917 3694; x_wconf 81' lang='lat' dir='ltr'>fl</span> <span class='ocrx_word' id='word_1_311' title='bbox 1945 3624 2372 3694; x_wconf 78' lang='lat' dir='ltr'><strong>quingentorum</strong></span> <span class='ocrx_word' id='word_1_312' title='bbox 2408 3628 2560 3697; x_wconf 87' lang='lat' dir='ltr'><strong>iuge-</strong></span> <span class='ocrx_word' id='word_1_313' title='bbox 2594 3678 2599 3683; x_wconf 83' lang='grc'>,</span> 
     </span>
     <span class='ocr_line' id='line_1_34' title="bbox 426 3699 2559 3773; baseline 0.004 -23"><span class='ocrx_word' id='word_1_314' title='bbox 426 3716 546 3751; x_wconf 88' lang='lat' dir='ltr'><strong>rum</strong></span> <span class='ocrx_word' id='word_1_315' title='bbox 570 3717 601 3750; x_wconf 88' lang='lat' dir='ltr'><strong>r</strong></span> <span class='ocrx_word' id='word_1_316' title='bbox 627 3699 646 3767; x_wconf 90' lang='grc' dir='ltr'><strong>ΙΙ</strong></span> <span class='ocrx_word' id='word_1_317' title='bbox 676 3703 737 3751; x_wconf 87' lang='grc'><strong>12</strong></span> <span class='ocrx_word' id='word_1_318' title='bbox 765 3708 1060 3771; x_wconf 74' lang='lat' dir='ltr'><strong>posti-oque</strong></span> <span class='ocrx_word' id='word_1_319' title='bbox 1083 3714 1135 3754; x_wconf 91' lang='lat' dir='ltr'><strong><em>N</em></strong></span> <span class='ocrx_word' id='word_1_320' title='bbox 1155 3703 1172 3770; x_wconf 74' lang='lat' dir='ltr'>n</span> <span class='ocrx_word' id='word_1_321' title='bbox 1199 3702 1492 3755; x_wconf 86' lang='lat' dir='ltr'><strong>infestante</strong></span> <span class='ocrx_word' id='word_1_322' title='bbox 1517 3702 1733 3763; x_wconf 85' lang='lat' dir='ltr'><strong>hostem</strong></span> <span class='ocrx_word' id='word_1_323' title='bbox 1756 3702 2033 3757; x_wconf 82' lang='lat' dir='ltr'><strong>interemit</strong></span> <span class='ocrx_word' id='word_1_324' title='bbox 2056 3722 2088 3755; x_wconf 86' lang='lat' dir='ltr'><strong>r</strong></span> <span class='ocrx_word' id='word_1_325' title='bbox 2114 3705 2131 3773; x_wconf 80' lang='grc' dir='ltr'><strong>ΙΙ</strong></span> <span class='ocrx_word' id='word_1_326' title='bbox 2159 3706 2311 3757; x_wconf 90' lang='lat' dir='ltr'><strong>corui</strong></span> <span class='ocrx_word' id='word_1_327' title='bbox 2339 3724 2399 3767; x_wconf 71' lang='lat'><strong>3:</strong></span> <span class='ocrx_word' id='word_1_328' title='bbox 2445 3724 2559 3758; x_wconf 89' lang='lat' dir='ltr'><strong>cor-</strong></span> 
     </span>
     <span class='ocr_line' id='line_1_35' title="bbox 429 3775 2559 3847; baseline 0.004 -20"><span class='ocrx_word' id='word_1_329' title='bbox 429 3775 546 3828; x_wconf 89' lang='lat' dir='ltr'><strong>uini</strong></span> <span class='ocrx_word' id='word_1_330' title='bbox 568 3788 683 3838; x_wconf 79' lang='grc' dir='ltr'><strong>Νςν</strong></span> <span class='ocrx_word' id='word_1_331' title='bbox 708 3776 726 3847; x_wconf 76' lang='lat' dir='ltr'>ss</span> <span class='ocrx_word' id='word_1_332' title='bbox 759 3782 819 3829; x_wconf 89' lang='lat'><strong>13</strong></span> <span class='ocrx_word' id='word_1_333' title='bbox 870 3795 1012 3831; x_wconf 86' lang='lat' dir='ltr'><strong>anno</strong></span> <span class='ocrx_word' id='word_1_334' title='bbox 1054 3785 1264 3831; x_wconf 83' lang='lat' dir='ltr'><strong>creatus</strong></span> <span class='ocrx_word' id='word_1_335' title='bbox 1303 3785 1387 3830; x_wconf 87' lang='lat' dir='ltr'><strong>est</strong></span> <span class='ocrx_word' id='word_1_336' title='bbox 1423 3778 1492 3830; x_wconf 93' lang='lat' dir='ltr'><strong>ob</strong></span> <span class='ocrx_word' id='word_1_337' title='bbox 1534 3779 1793 3831; x_wconf 85' lang='lat' dir='ltr'><strong>uirtutem</strong></span> <span class='ocrx_word' id='word_1_338' title='bbox 1830 3797 1953 3833; x_wconf 88' lang='lat' dir='ltr'><strong>cum</strong></span> <span class='ocrx_word' id='word_1_339' title='bbox 1992 3781 2310 3833; x_wconf 84' lang='lat' dir='ltr'><strong>uicesimum</strong></span> <span class='ocrx_word' id='word_1_340' title='bbox 2335 3784 2559 3836; x_wconf 89' lang='lat' dir='ltr'><strong>tertium</strong></span> 
     </span>
     <span class='ocr_line' id='line_1_36' title="bbox 430 3852 2558 3925; baseline 0.004 -22"><span class='ocrx_word' id='word_1_341' title='bbox 430 3852 656 3905; x_wconf 87' lang='lat' dir='ltr'><strong>haberet</strong></span> <span class='ocrx_word' id='word_1_342' title='bbox 679 3870 881 3906; x_wconf 83' lang='lat' dir='ltr'><strong>annum</strong></span> <span class='ocrx_word' id='word_1_343' title='bbox 909 3873 939 3907; x_wconf 86' lang='lat' dir='ltr'><strong>r</strong></span> <span class='ocrx_word' id='word_1_344' title='bbox 965 3855 982 3924; x_wconf 79' lang='grc' dir='ltr'><strong>ΙΙ</strong></span> <span class='ocrx_word' id='word_1_345' title='bbox 1015 3859 1076 3907; x_wconf 86' lang='grc'><strong>15</strong></span> <span class='ocrx_word' id='word_1_346' title='bbox 1103 3862 1187 3908; x_wconf 86' lang='lat' dir='ltr'><strong>est</strong></span> <span class='ocrx_word' id='word_1_347' title='bbox 1221 3872 1307 3906; x_wconf 87' lang='lat' dir='ltr'><strong>om</strong></span> <span class='ocrx_word' id='word_1_348' title='bbox 1342 3871 1373 3905; x_wconf 88' lang='lat' dir='ltr'><strong>r</strong></span> <span class='ocrx_word' id='word_1_349' title='bbox 1399 3855 1416 3924; x_wconf 75' lang='lat' dir='ltr'>n</span> <span class='ocrx_word' id='word_1_350' title='bbox 1444 3871 1567 3907; x_wconf 91' lang='lat' dir='ltr'><strong>cum</strong></span> <span class='ocrx_word' id='word_1_351' title='bbox 1608 3863 1932 3925; x_wconf 87' lang='lat' dir='ltr'><strong>urgerentur</strong></span> <span class='ocrx_word' id='word_1_352' title='bbox 1967 3874 2000 3910; x_wconf 83' lang='lat' dir='ltr'><strong>a</strong></span> <span class='ocrx_word' id='word_1_353' title='bbox 2038 3856 2371 3910; x_wconf 86' lang='lat' dir='ltr'><strong>Samnitibus</strong></span> <span class='ocrx_word' id='word_1_354' title='bbox 2413 3859 2558 3912; x_wconf 91' lang='lat' dir='ltr'><strong>bello</strong></span> 
     </span>
     <span class='ocr_line' id='line_1_37' title="bbox 429 3935 2553 4014; baseline 0.004 -26"><span class='ocrx_word' id='word_1_355' title='bbox 429 3954 460 3988; x_wconf 84' lang='lat' dir='ltr'><strong>r</strong></span> <span class='ocrx_word' id='word_1_356' title='bbox 485 3938 502 4006; x_wconf 73' lang='lat' dir='ltr'>ss</span> <span class='ocrx_word' id='word_1_357' title='bbox 535 3942 595 3989; x_wconf 87' lang='lat'><strong>17</strong></span> <span class='ocrx_word' id='word_1_358' title='bbox 621 3946 787 4008; x_wconf 87' lang='lat' dir='ltr'><strong>atque</strong></span> <span class='ocrx_word' id='word_1_359' title='bbox 811 3957 971 4009; x_wconf 85' lang='lat' dir='ltr'><strong>agros</strong></span> <span class='ocrx_word' id='word_1_360' title='bbox 995 3957 1028 3991; x_wconf 86' lang='lat' dir='ltr'><strong>r</strong></span> <span class='ocrx_word' id='word_1_361' title='bbox 1052 3940 1070 4010; x_wconf 78' lang='lat' dir='ltr'>ss</span> <span class='ocrx_word' id='word_1_362' title='bbox 1102 3942 1164 3991; x_wconf 90' lang='lat'><strong>18</strong></span> <span class='ocrx_word' id='word_1_363' title='bbox 1189 3935 1351 4009; x_wconf 66' lang='lat' dir='ltr'><strong>quem</strong></span> <span class='ocrx_word' id='word_1_364' title='bbox 1374 3952 1425 3991; x_wconf 87' lang='lat' dir='ltr'><strong><em>N</em></strong></span> <span class='ocrx_word' id='word_1_365' title='bbox 1446 3940 1463 4009; x_wconf 79' lang='grc'><strong>11</strong></span> <span class='ocrx_word' id='word_1_366' title='bbox 1490 3947 1611 3991; x_wconf 87' lang='lat' dir='ltr'><strong>acta</strong></span> <span class='ocrx_word' id='word_1_367' title='bbox 1648 3952 1701 3991; x_wconf 90' lang='lat' dir='ltr'><strong><em>N</em></strong></span> <span class='ocrx_word' id='word_1_368' title='bbox 1721 3942 1737 4009; x_wconf 77' lang='lat' dir='ltr'>ss</span> <span class='ocrx_word' id='word_1_369' title='bbox 1765 3944 1830 3992; x_wconf 84' lang='lat'><strong>20</strong></span> <span class='ocrx_word' id='word_1_370' title='bbox 1866 3942 2114 4011; x_wconf 88' lang='lat' dir='ltr'><strong>iniquum</strong></span> <span class='ocrx_word' id='word_1_371' title='bbox 2148 3942 2329 3994; x_wconf 90' lang='lat' dir='ltr'><strong>locum</strong></span> <span class='ocrx_word' id='word_1_372' title='bbox 2357 3961 2422 4005; x_wconf 82' lang='grc' dir='ltr'><strong>ςν</strong></span> <span class='ocrx_word' id='word_1_373' title='bbox 2447 3946 2465 4014; x_wconf 78' lang='grc' dir='ltr'><strong>ΙΙ</strong></span> <span class='ocrx_word' id='word_1_374' title='bbox 2495 3948 2553 3996; x_wconf 84' lang='lat'><strong>21</strong></span> 
     </span>
     <span class='ocr_line' id='line_1_38' title="bbox 427 4012 2560 4089; baseline 0.003 -22"><span class='ocrx_word' id='word_1_375' title='bbox 427 4014 474 4067; x_wconf 89' lang='lat' dir='ltr'>P</span> <span class='ocrx_word' id='word_1_376' title='bbox 497 4034 584 4067; x_wconf 89' lang='lat' dir='ltr'><strong>om</strong></span> <span class='ocrx_word' id='word_1_377' title='bbox 617 4028 698 4084; x_wconf 73' lang='lat' dir='ltr'><strong>Ny</strong></span> <span class='ocrx_word' id='word_1_378' title='bbox 725 4016 743 4085; x_wconf 79' lang='grc' dir='ltr'><strong>ΙΙ</strong></span> <span class='ocrx_word' id='word_1_379' title='bbox 770 4017 845 4069; x_wconf 91' lang='lat' dir='ltr'><strong>D.</strong></span> <span class='ocrx_word' id='word_1_380' title='bbox 889 4016 1122 4069; x_wconf 88' lang='lat' dir='ltr'><strong>Murene</strong></span> <span class='ocrx_word' id='word_1_381' title='bbox 1159 4033 1190 4067; x_wconf 84' lang='lat' dir='ltr'><strong>r</strong></span> <span class='ocrx_word' id='word_1_382' title='bbox 1215 4017 1234 4085; x_wconf 79' lang='grc' dir='ltr'><strong>ΙΙ</strong></span> <span class='ocrx_word' id='word_1_383' title='bbox 1263 4018 1326 4067; x_wconf 87' lang='grc'><strong>23</strong></span> <span class='ocrx_word' id='word_1_384' title='bbox 1363 4016 1616 4068; x_wconf 87' lang='lat' dir='ltr'><strong>sederant</strong></span> <span class='ocrx_word' id='word_1_385' title='bbox 1649 4032 1681 4065; x_wconf 78' lang='lat' dir='ltr'><strong>r</strong></span> <span class='ocrx_word' id='word_1_386' title='bbox 1706 4017 1723 4086; x_wconf 80' lang='grc' dir='ltr'><strong>ΙΙ</strong></span> <span class='ocrx_word' id='word_1_387' title='bbox 1752 4020 1817 4069; x_wconf 84' lang='grc'><strong>23</strong></span> <span class='ocrx_word' id='word_1_388' title='bbox 1854 4012 2226 4071; x_wconf 62' lang='lat' dir='ltr'><strong>occansffonem</strong></span> <span class='ocrx_word' id='word_1_389' title='bbox 2250 4031 2301 4071; x_wconf 92' lang='grc' dir='ltr'><em>Ν</em></span> <span class='ocrx_word' id='word_1_390' title='bbox 2322 4020 2339 4089; x_wconf 79' lang='grc' dir='ltr'>Η</span> <span class='ocrx_word' id='word_1_391' title='bbox 2368 4023 2431 4071; x_wconf 79' lang='lat'><strong>24</strong></span> <span class='ocrx_word' id='word_1_392' title='bbox 2459 4022 2560 4073; x_wconf 83' lang='lat' dir='ltr'><strong>eri-</strong></span> 
     </span>
     <span class='ocr_line' id='line_1_39' title="bbox 428 4093 2561 4169; baseline 0.002 -22"><span class='ocrx_word' id='word_1_393' title='bbox 428 4096 551 4164; x_wconf 90' lang='lat' dir='ltr'><strong>puit</strong></span> <span class='ocrx_word' id='word_1_394' title='bbox 573 4096 662 4165; x_wconf 77' lang='lat' dir='ltr'><strong>Nss</strong></span> <span class='ocrx_word' id='word_1_395' title='bbox 690 4111 814 4147; x_wconf 89' lang='lat' dir='ltr'><strong>cum</strong></span> <span class='ocrx_word' id='word_1_396' title='bbox 839 4112 922 4146; x_wconf 86' lang='lat' dir='ltr'><strong>om</strong></span> <span class='ocrx_word' id='word_1_397' title='bbox 948 4113 979 4147; x_wconf 84' lang='lat' dir='ltr'><strong>r</strong></span> <span class='ocrx_word' id='word_1_398' title='bbox 1005 4096 1022 4165; x_wconf 66' lang='grc' dir='ltr'>ἢ</span> <span class='ocrx_word' id='word_1_399' title='bbox 1051 4099 1116 4147; x_wconf 84' lang='grc'><strong>25</strong></span> <span class='ocrx_word' id='word_1_400' title='bbox 1137 4102 1293 4147; x_wconf 86' lang='lat' dir='ltr'><strong>erant</strong></span> <span class='ocrx_word' id='word_1_401' title='bbox 1315 4093 1491 4149; x_wconf 86' lang='lat' dir='ltr'><strong>relicti</strong></span> <span class='ocrx_word' id='word_1_402' title='bbox 1526 4111 1558 4145; x_wconf 87' lang='lat' dir='ltr'><strong>r</strong></span> <span class='ocrx_word' id='word_1_403' title='bbox 1584 4094 1601 4164; x_wconf 73' lang='grc'><strong>[1</strong></span> <span class='ocrx_word' id='word_1_404' title='bbox 1642 4111 1765 4146; x_wconf 89' lang='lat' dir='ltr'><strong>cum</strong></span> <span class='ocrx_word' id='word_1_405' title='bbox 1805 4094 1872 4147; x_wconf 86' lang='lat' dir='ltr'><strong>de</strong></span> <span class='ocrx_word' id='word_1_406' title='bbox 1918 4114 1951 4148; x_wconf 87' lang='lat' dir='ltr'><strong>r</strong></span> <span class='ocrx_word' id='word_1_407' title='bbox 1974 4096 1993 4168; x_wconf 74' lang='lat' dir='ltr'>ss</span> <span class='ocrx_word' id='word_1_408' title='bbox 2032 4100 2097 4149; x_wconf 89' lang='grc'><strong>26</strong></span> <span class='ocrx_word' id='word_1_409' title='bbox 2146 4114 2211 4149; x_wconf 82' lang='lat' dir='ltr'><strong>ea</strong></span> <span class='ocrx_word' id='word_1_410' title='bbox 2248 4100 2561 4169; x_wconf 87' lang='lat' dir='ltr'><strong>occupanda</strong></span> 
     </span>
    </p>
   </div>
   <div class='ocr_carea' id='block_1_5' title="bbox 431 4175 994 4250">
    <p class='ocr_par' dir='ltr' id='par_1_5' title="bbox 431 4175 994 4250">
     <span class='ocr_line' id='line_1_40' title="bbox 431 4175 994 4250; baseline 0.002 -19"><span class='ocrx_word' id='word_1_411' title='bbox 431 4198 496 4241; x_wconf 84' lang='grc' dir='ltr'><strong>ςν</strong></span> <span class='ocrx_word' id='word_1_412' title='bbox 522 4179 540 4250; x_wconf 78' lang='lat' dir='ltr'>ss</span> <span class='ocrx_word' id='word_1_413' title='bbox 567 4175 878 4250; x_wconf 48' lang='lat' dir='ltr'><strong>occupanda</strong></span> <span class='ocrx_word' id='word_1_414' title='bbox 903 4193 952 4232; x_wconf 87' lang='lat' dir='ltr'><strong><em>N</em></strong></span> <span class='ocrx_word' id='word_1_415' title='bbox 974 4180 994 4250; x_wconf 78' lang='lat' dir='ltr'><strong>ll</strong></span> 
     </span>
    </p>
   </div>
  </div>
 </body>
</html>
