3052 4823
507 319 628 381 122
1242 326 1412 381 lvnn
1447 339 1895 386 osssmvssnns

501 508 626 570 que
658 486 896 549 eiectae
925 488 1115 549 odore
1145 487 1537 550 intolerabili
1583 485 1851 569 Cyrenis
1896 487 2351 570 mortiferoque
2393 509 2627 570 uapore

501 610 768 673 grauem
817 588 1254 671 pestilentiam
1307 589 1600 652 fecerunt
1643 586 1889 671 pecori;
1955 588 2421 670 hominumque
2480 610 2631 652 Dccc

501 689 683 751 milia
711 699 1094 771 consumpta
1123 691 1270 753 tabe
1299 689 1627 773 proditum
1656 699 1776 751 est.
1826 690 2180 772 Fregellae,
2220 714 2382 774 quae
2406 692 2631 752 aduer-

502 812 611 853 sus
671 792 1000 853 Romanos
1059 789 1603 866 coniurauerunt,
1686 790 1959 853 dirutae.
2050 784 2320 873 Ligures
2384 784 2669 875 Sallyes'

503 890 828 954 trucidati.
2670 906 2701 953 5

369 1054 436 1107 31
507 1052 582 1114 C.
633 1049 856 1113 Cassio
907 1049 1205 1131 Longino
1248 1051 1324 1112 C.
1379 1050 1603 1112 Sextio
1655 1072 1816 1113 coss.
1886 1050 1957 1112 in
2010 1051 2416 1113 Graecostasi
2467 1051 2634 1113 lacte

333 1132 467 1217 [9¹]
503 1150 692 1232 pluit.
741 1149 1013 1211 fulmine
1038 1152 1317 1213 Crotone
1347 1173 1505 1233 grex
1537 1152 1761 1214 ouium
1792 1174 1940 1214 cum
1971 1174 2127 1215 cane
2159 1161 2226 1213 et
2255 1152 2458 1214 tribus
2488 1174 2631 1233 pas-

505 1250 745 1313 toribus
779 1250 1207 1314 exanimatus.
1261 1252 1530 1314 Saturae
1560 1253 1812 1315 uitulus
1856 1254 2073 1335 biceps
2118 1262 2336 1315 natus.
2389 1254 2629 1315 tumul-

503 1362 607 1415 tus
638 1352 708 1413 in
739 1354 894 1415 urbe
913 1354 1052 1417 ‘fuit
1083 1355 1160 1417 C.
1201 1354 1495 1417 Graccho
1524 1354 1698 1437 leges
1730 1355 1995 1416 ferente.

367 1524 442 1579 32
505 1512 628 1575 Cn.
665 1512 954 1576 Domitio
993 1514 1070 1577 C.
1109 1513 1358 1576 Fannio
1389 1536 1550 1577 coss.
1616 1513 1686 1575 in
1729 1514 1865 1577 foro
1896 1516 2189 1578 Vessano
2225 1515 2635 1595 androgynus
2672 1526 2742 1575 10

333 1601 469 1686 [92]
503 1624 696 1677 natus
725 1613 796 1677 in
826 1637 1002 1677 mare
1032 1616 1432 1679 delatus-est.
1469 1614 1540 1677 in
1572 1614 1793 1678 Gallia
1826 1624 1953 1676 tres
1984 1614 2147 1677 soles
2180 1625 2245 1676 et
2277 1624 2403 1677 tres
2434 1616 2628 1677 lunae

498 1715 698 1779 uisae.
736 1716 982 1779 uitulus
995 1716 1212 1799 biceps
1235 1728 1450 1781 natuS.
1488 1717 1662 1779 bubo
1685 1715 1755 1777 in
1779 1714 2101 1797 Capitolio
2132 1716 2335 1778 uisus
2371 1715 2623 1795 Aetnae

499 1816 799 1879 incendio
829 1816 1064 1879 Catina
1093 1830 1496 1901 consumpta.
1550 1818 1796 1900 Sallyes
1828 1827 1893 1879 et
1921 1816 2299 1898 Allobroges
2331 1810 2592 1878 deuicti.

369 1972 446 2026 33
508 1974 584 2035 L.
623 1972 883 2054 Opimio
917 1975 1000 2041 Q.
1039 1974 1238 2037 Fabio
1271 1976 1563 2039 Maximo
1594 1999 1755 2039 coss.
1819 1998 1977 2059 grex
2023 1976 2322 2057 luporum
2364 1973 2627 2051 limites,

331 2051 393 2135 [9
406 2052 466 2136 3]
503 2072 615 2156 qui
645 2072 714 2134 in
746 2096 1044 2155 agrorum
1075 2075 1393 2139 diuisione
1423 2099 1538 2159 per
1579 2078 1654 2140 C.
1694 2078 2063 2140 Gracchum
2108 2076 2383 2159 depositi
2424 2086 2627 2151 crant,
2670 2089 2739 2138 15

503 2174 863 2257 dissipauit.
913 2175 1050 2259 ipse
1083 2178 1418 2241 Gracchus
1449 2177 1518 2240 in
1550 2178 1882 2242 Auentino
1914 2178 2182 2242 occisus.

368 2332 442 2387 34
506 2331 584 2393 L.
607 2328 876 2392 Aurelio
907 2331 1103 2394 Cotta
1132 2332 1210 2393 L.
1253 2330 1534 2394 Caecilio
1574 2352 1736 2393 coss.
1774 2332 2185 2414 androgynus
2217 2330 2285 2392 in
2318 2352 2469 2414 agro
2497 2332 2630 2392 Ro-

331 2410 467 2498 [94]
501 2453 694 2495 mano
741 2455 1059 2496 annorum
1099 2443 1240 2497 octo
1286 2434 1595 2496 inuentus
1628 2443 1692 2494 et
1723 2432 1792 2494 in
1822 2454 1997 2496 mare
2036 2435 2428 2515 deportatus.
2501 2431 2630 2494 uir—

507 2531 688 2613 gines
720 2544 817 2596 ter
846 2557 1138 2598 nouenae
1168 2535 1237 2598 in
1268 2538 1425 2598 urbe
1455 2543 1821 2597 cantarunt.

366 2689 439 2744 35
502 2685 595 2744 M.
637 2686 880 2748 Catone
915 2690 995 2753 Q.
1031 2686 1274 2750 Marcio
1304 2709 1464 2749 coss.
1504 2688 1750 2749 Catone
1782 2687 2044 2750 consule
2075 2686 2453 2749 immolante
2486 2697 2634 2749 exta
2664 2699 2735 2766 20

332 2765 468 2852 [95]
507 2785 884 2861 tabuerunt,
937 2801 1131 2871 caput
1176 2787 1470 2851 iocineris
1511 2787 1857 2850 inuentum
1901 2811 2034 2851 non
2066 2798 2183 2850 est.
2234 2788 2401 2850 lacte
2430 2787 2621 2870 pluit.
2722 2827 2729 2834 ·

500 2895 664 2946 terra
708 2909 856 2948 cum
884 2889 1140 2970 mugitu
1172 2889 1455 2951 tremuit.
1493 2911 1763 2951 examen
1796 2912 1991 2972 apum
2033 2889 2105 2951 in
2146 2889 2281 2952 foro
2314 2888 2621 2952 consedit.

499 2985 884 3052 sacrificium
915 3012 994 3051 ex
1027 2979 1383 3074 Sibyllinis.

367 3155 442 3208 36
509 3140 584 3201 L.
624 3141 1050 3220 Caecilio†L.
1079 3144 1344 3206 Aurelio
1375 3167 1535 3208 coss.
1573 3143 1845 3206 fulmine
1861 3145 2109 3205 Romae
2134 3151 2197 3204 et
2227 3142 2392 3204 circa
2422 3143 2627 3225 plera-

329 3231 462 3316 [96]
500 3261 623 3320 que
649 3251 866 3325 tacta.
932 3247 1276 3309 Praeneste
1317 3247 1483 3308 lacte
1529 3245 1717 3328 pluit.
1787 3246 2023 3320 hastae,
2056 3243 2288 3314 Martis
2330 3242 2400 3305 in
2449 3243 2623 3326 regia
2660 3254 2727 3302 25

502 3458 522 3506 1
559 3455 943 3527 mortiferoque
967 3461 1160 3528 scripsi
1169 3482 1186 3512 .-
1211 3463 1488 3515 mortifero
1511 3481 1548 3516 α
1572 3463 1591 3532 ΙΙ
1619 3467 1649 3514 4
1670 3464 2088 3516 coniurauerant
2110 3462 2369 3516 Heinsius
2395 3463 2413 3532 ΙΙ
2442 3465 2472 3514 6
2500 3461 2629 3514 Sex-

495 3535 574 3587 tio
598 3536 878 3589 Hearnius
942 3537 1217 3592 Sextilioa
1243 3541 1259 3609 ΙΙ
1289 3543 1317 3590 8
1335 3541 1621 3594 Saturniae
1635 3541 1895 3609 Scaliqer‚
1926 3543 2159 3593 Asturae
2186 3540 2465 3593 Cluuerz'us
2491 3541 2534 3590 I
2532 3541 2625 3590 tal.

496 3618 610 3666 ant.
629 3631 690 3683 p.
721 3615 819 3666 992
849 3614 865 3684 ΙΙ
893 3618 924 3667 9
951 3615 1010 3668 C.
1040 3615 1254 3668 addidi.-
1283 3635 1366 3668 om
1391 3635 1424 3668 α
1452 3617 1468 3686 [1
1501 3619 1564 3668 10
1592 3616 1860 3669 Suessano
1878 3617 2159 3681 ortelius,
2194 3617 2419 3669 Vestino
2459 3614 2629 3666 Scali-

492 3709 589 3762 θεν
615 3693 631 3762 {i
665 3695 724 3745 12
758 3692 978 3745 Orosius
1001 3705 1053 3756 v,
1088 3695 1148 3744 13
1171 3691 1373 3746 ‘Aetna
1394 3710 1551 3746 mons
1577 3695 1720 3746 ultra
1744 3693 1965 3746 solitum
1991 3693 2194 3746 exarsit
2212 3699 2269 3744 et
2292 3690 2628 3744 torrentibus

495 3768 640 3839 ignis
665 3768 960 3838 superfusis
984 3769 1200 3840 lateque
1226 3770 1723 3824 circumfluentibus
1751 3771 1998 3824 Catinam
2022 3769 2215 3822 urbem
2240 3768 2484 3837 finesque
2510 3765 2626 3818 ‘eius

497 3844 783 3914 oppressit,
812 3844 889 3896 ita
915 3853 976 3897 ut
995 3852 1138 3898 tecta
1161 3846 1376 3898 aedium
1403 3847 1591 3898 calidis
1619 3845 1889 3898 cineribus
1914 3851 2170 3914 praeusta
2194 3850 2250 3896 et
2273 3847 2632 3912 praegrauata

497 3919 844 3976 corruerent.’
885 3924 958 3989 cs.
984 3923 1326 3990 Auqustinus
1353 3924 1414 3976 de
1438 3923 1656 3975 ciuitate
1680 3922 1766 3975 dei
1786 3935 1881 3985 ΙΙΙ,
1918 3926 2003 3974 31.
2034 3921 2051 3991 ΙΙ
2079 3923 2290 3973 Aetnae
2322 3919 2629 3973 Oudendor-

486 3999 648 4066 pius:
675 4005 730 4051 et
754 4015 820 4050 ex
847 4016 880 4049 a
905 3999 924 4066 ΙΙ
956 3999 1014 4049 13
1055 3997 1247 4051 Catina
1277 3998 1709 4066 Oudendorpius:
1751 3998 1979 4049 cathena
2021 4015 2055 4048 α
2081 3997 2099 4066 [Ι
2132 4000 2190 4047 17
2221 3997 2383 4051 Cotta
2406 3995 2601 4064 scripsi
2608 4014 2625 4045 .-

498 4084 553 4128 et
577 4095 611 4128 a
637 4079 653 4146 ΙΙ
683 4082 747 4130 20
776 4077 845 4134 Q.
874 4077 1229 4143 Lyso-osthenes
1247 4097 1265 4126 .·
1304 4075 1533 4133 Quintio
1568 4093 1602 4126 a
1628 4075 1645 4143 ss
1673 4079 1737 4126 23
1778 4075 2135 4150 sacrificatum
2171 4065 2475 4142 Stephanae
2516 4073 2532 4143 ss
2562 4077 2625 4124 24

499 4153 568 4210 Q.
609 4155 795 4205 Mucio
837 4151 1099 4204 Scaeuola
1138 4171 1275 4205 coss.
1321 4153 1723 4221 Oudendorp'ius
1750 4153 1768 4222 ΙΙ
