3052 4823
517 374 598 435 22
1377 391 1759 436 PERloanE

514 553 677 605 natu
704 552 1070 604 mouerunt.
1135 542 1412 604 lustrum
1452 540 1882 604 condiderunt
1899 588 1919 617 ,
1971 559 2096 620 quo
2140 559 2331 602 censa
2373 548 2529 626 sunt
2558 536 2645 600 ci-

515 643 696 706 uium
741 643 954 725 capita
989 665 1247 724 ccxcyII
1279 663 1608 707 nccxchI.
1673 643 1968 726 Regulus
2012 639 2249 703 missus
2294 662 2333 702 a
2374 640 2645 704 Cartha-

515 744 917 827 giniensibus
963 746 1045 808 ad
1097 756 1396 808 senatum
1440 754 1515 808 ut
1561 746 1639 807 de
1670 765 1827 828 pace
1868 753 1970 820 et,
2019 746 2073 806 si
2104 763 2247 804 eam
2275 764 2410 806 non
2431 752 2648 826 posset

515 845 881 927 impetrare,
915 848 994 909 de
1018 846 1492 910 commutandis
1510 846 1787 929 captiuis
1812 855 2051 928 ageret,
2086 853 2183 908 set
2206 843 2351 906 iure
2374 843 2645 906 iurando

519 947 864 1034 adstrictus
883 995 903 1023 ,
937 948 1296 1012 rediturum
1327 971 1394 1012 se
1426 948 1910 1031 Carthaginem,
1946 947 2001 1009 si
2032 944 2417 1010 commutari
2446 943 2646 1027 capti-
2680 958 2709 1006 5

517 1070 636 1111 uos
665 1071 793 1110 non
827 1049 1207 1130 placuisset,
1257 1060 1604 1132 utrumque
1633 1048 1916 1132 negandi
1946 1058 2169 1110 auctor
2195 1045 2451 1111 senatui
2490 1045 2641 1120 fuit,

517 1159 583 1211 et
613 1171 763 1212 cum
788 1152 918 1213 fide
948 1151 1268 1214 custodita
1297 1173 1591 1214 reuersus
1623 1160 1790 1214 esset
1807 1198 1827 1226 ,
1876 1150 2191 1234 supplicio
2232 1171 2271 1212 a
2308 1146 2643 1230 Carthagi·

515 1249 850 1314 niensibus
881 1253 960 1314 de
992 1272 1068 1314 eo
1099 1264 1355 1335 sumpto
1386 1251 1599 1333 periit.

1151 1570 1162 1582 ,
1227 1501 1354 1565 Ex
1399 1502 1579 1565 ΗΒ.
1629 1502 1936 1567 XVIIII.

519 1703 840 1767 Caecilius
872 1705 1178 1768 Metellus
1221 1707 1413 1770 rebus
1457 1709 1765 1770 aduersus
1810 1708 2063 1769 Poenos
2106 1725 2403 1786 prospere
2445 1703 2643 1787 gestis
2680 1716 2741 1766 10

520 1804 878 1885 speciosum
921 1805 1054 1888 egit
1096 1805 1533 1890 triumphum,
1587 1828 1723 1870 XIII
1769 1807 2039 1870 ducibus
2079 1805 2366 1869 hostium
2410 1814 2474 1868 et
2516 1826 2645 1869 cxx

520 1904 880 1988 elephantis
912 1906 981 1968 in
1012 1929 1086 1969 eo
1118 1907 1349 1971 ductis.
1402 1909 1717 1973 Claudius
1748 1908 2030 1972 Pulcher
2044 1929 2173 1970 008.
2195 1917 2416 1970 contra
2435 1907 2647 1990 auspi-

521 2005 621 2070 cia
649 2008 972 2093 profectus
1005 2043 1088 2054 ——
1117 2008 1307 2072 iussit
1349 2011 1554 2094 mergi
1583 2011 1828 2094 pullos,
1858 2009 1971 2093 qui
2001 2008 2199 2072 cibari
2227 2008 2535 2072 nolebant
2568 2045 2643 2056 —-

519 2106 864 2172 infeliciter
875 2111 1180 2174 aduersus
1195 2111 1763 2196 Carthaginienses
1787 2112 1987 2174 classe
1998 2110 2342 2194 pugnauit,
2372 2120 2437 2173 et
2458 2133 2638 2174 reuo-

519 2219 702 2272 catus
733 2233 772 2273 a
801 2221 1031 2275 senatu
1060 2211 1400 2297 iussusque
1442 2214 1821 2278 dictatorem
1866 2212 2072 2276 dicere
2127 2211 2479 2277 Claudium
2508 2211 2649 2275 Gli·
2682 2224 2746 2273 15

520 2311 686 2374 ciam
717 2313 904 2390 dixit,
941 2313 1128 2377 sortis
1153 2315 1420 2378 ultimae
1441 2314 1795 2392 hominem,
1832 2313 1944 2399 qui
1974 2325 2231 2378 coactus
2264 2313 2555 2376 abdicare
2580 2336 2647 2377 se

519 2414 905 2497 magistratu
934 2427 1156 2501 postea
1185 2418 1373 2481 ludos
1402 2427 1843 2500 praetextatus
1888 2417 2225 2499 spectauit.
2286 2416 2370 2479 A.
2405 2415 2645 2479 Atilius

521 2516 857 2581 Calatinus
902 2519 1146 2602 primus
1190 2520 1464 2584 dictator
1508 2528 1691 2582 extra
1734 2517 1995 2581 Italiam
2035 2518 2386 2581 exercitum
2431 2515 2640 2579 (luxit.

519 2620 938 2683 commutatio
970 2620 1375 2703 captiuorum
1405 2642 1555 2683 cum
1586 2620 1823 2683 Poenis
1853 2620 2025 2683 facta
2054 2630 2172 2683 est.
2224 2617 2509 2683 coloniae
2540 2620 2645 2680 de-

519 2720 748 2783 ductae
807 2730 962 2783 sunt
1013 2724 1341 2806 Fregenae
1371 2732 1436 2784 et
1465 2721 1537 2784 in
1589 2742 1739 2803 agro
1785 2708 2145 2785 Sallentino
2198 2719 2640 2784 Brundisium.
2677 2731 2744 2781 20

517 2819 795 2882 lustrum
827 2842 865 2883 a
893 2824 1263 2886 censoribus
1295 2823 1630 2886 conditum
1660 2832 1778 2885 est.
1842 2843 2035 2885 censa
2075 2833 2228 2885 sunt
2270 2821 2515 2885 ciuium
2543 2842 2645 2885 ca-

515 2918 655 3003 pita
685 2942 1076 2985 ccxmccxu.
1115 2924 1424 3000 Claudia,
1459 2947 1634 2988 soror
1677 2926 1755 2987 P.
1794 2924 2061 3001 Claudi,
2106 2923 2218 3007 qui
2262 2924 2643 3010 contemptis

518 3021 821 3105 auspiciis
864 3025 1032 3087 male
1077 3038 1485 3109 pugnauerat
1507 3076 1524 3103 ,
1592 3048 1630 3090 a
1673 3026 1845 3090 ludis
1888 3035 2214 3089 reuertens
2256 3047 2407 3089 cum
2454 3026 2644 3089 turba

515 3135 932 3206 premeretur,
966 3126 1134 3189 dixit
1155 3121 1440 3192 ‘utinam
1469 3128 1664 3192 frater
1692 3151 1874 3192 meus
1906 3128 2184 3193 uiueret!
2221 3128 2459 3191 iterum
2488 3129 2647 3191 clas-

515 3244 652 3288 sem
683 3218 986 3292 duceret'.
1040 3230 1120 3292 ob
1152 3252 1294 3293 eam
1316 3253 1576 3295 causam
1604 3232 1813 3297 multa
1841 3230 1901 3294 ei
1932 3231 2105 3294 dicta
2134 3240 2251 3294 est.
2308 3233 2438 3294 duo
2466 3251 2645 3313 prae·
2676 3241 2742 3291 25

515 3334 682 3389 tores
714 3336 871 3391 tunc
901 3329 1184 3411 primum
1215 3332 1412 3395 creati
1442 3342 1618 3395 sunt.
1671 3331 1989 3396 Caecilius
2013 3331 2321 3395 Metellus
2350 3331 2646 3415 pontifex

513 3426 834 3491 maximus
857 3431 939 3493 A.
959 3433 1372 3502 Postumium
1401 3432 1754 3507 consulem,
1790 3430 2095 3513 quoniam
2119 3430 2291 3494 idem
2314 3442 2379 3494 et
2407 3433 2647 3496 flamen

514 3726 544 3775 2
571 3736 805 3779 cccxvu
830 3728 980 3781 milia
1004 3742 1237 3783 ccxcvn
1262 3748 1294 3783 r
1319 3730 1336 3799 ss
1364 3734 1393 3783 3
1419 3729 1641 3782 minime
1666 3729 1979 3800 impetraret
2002 3746 2034 3781 r
2060 3728 2077 3800 ss
2104 3732 2134 3781 4
2149 3729 2379 3800 captiuis
2406 3745 2643 3783 commu—

512 3802 747 3868 tandis-r
772 3806 790 3877 fl
817 3810 848 3858 5
874 3807 1127 3861 astrictus
1155 3815 1237 3862 est
1259 3826 1291 3859 r
1316 3808 1333 3877 [Ι
1361 3812 1392 3860 6
1418 3814 1640 3861 senatus
1664 3820 1784 3878 ng
1808 3810 1826 3879 11
1856 3811 1886 3861 8
1922 3808 2064 3879 perit
2095 3808 2185 3879 ΝΗ
2217 3811 2274 3859 11
2316 3808 2646 3878 speciosissi-

511 3898 660 3935 mum
683 3884 757 3954 rss
789 3888 850 3937 12
877 3885 945 3939 cl.
984 3885 1211 3956 pulcher
1244 3897 1329 3949 Νς
1370 3885 1388 3954 ΙΙ
1432 3889 1493 3938 13
1531 3885 1780 3957 immergi
1819 3904 1886 3949 ςν
1921 3887 1940 3958 ΙΙ
1983 3890 2045 3938 15
2088 3886 2376 3941 Claudium
2416 3886 2647 3941 Gliciam

512 3960 764 4030 siqonius
779 3985 796 4016 :
836 3964 902 4017 cl.
933 3963 1141 4017 claucia
1162 3975 1223 4028 N,
1255 3963 1322 4017 cl.
1352 3964 1621 4035 glauciam
1648 3983 1707 4030 ς,
1751 3985 1797 4020 c.
1827 3967 2095 4036 glauciam
2124 3984 2188 4030 ςν
2203 4006 2216 4033 ,
2258 3984 2343 4019 cn.
2373 3966 2643 4037 glauciam

505 4038 586 4107 911
619 4042 680 4091 18
707 4040 925 4095 calanus
961 4053 1046 4104 Νς
1070 4042 1087 4112 ss
1120 4044 1180 4094 19
1222 4059 1343 4094 cum
1380 4041 1581 4095 Poenis
1618 4044 1969 4097 commutatio
2008 4045 2348 4115 captiuorum
2384 4045 2529 4097 facta
2562 4051 2647 4097 est

508 4134 541 4169 r
565 4118 584 4187 fl
613 4122 678 4172 20
702 4120 959 4191 fregellae
979 4139 1088 4193 ggr
1113 4122 1131 4191 ΙΙ
1159 4127 1214 4173 et
1237 4121 1423 4174 addidi
1436 4142 1454 4172 :
1481 4140 1567 4173 om
1590 4133 1706 4184 Νςν
1731 4123 1748 4192 ΙΙ
1778 4126 1840 4175 23
1858 4122 2136 4177 dibertens
2154 4141 2187 4176 r
2211 4124 2229 4194 ΙΙ
2256 4128 2323 4179 24
2339 4124 2643 4193 iterumque

505 4210 614 4261 ,ᾳςν
638 4196 648 4263 Ι
683 4198 749 4246 25
789 4195 1018 4249 multata
1041 4203 1125 4249 est
1151 4216 1216 4259 ςν
1241 4199 1258 4268 ΙΙ
1285 4205 1526 4268 pratores
1550 4210 1598 4249 Ν
1623 4199 1639 4269 [Ι
1670 4201 1735 4263 26
1760 4206 1878 4252 tum
1906 4218 1973 4263 ςν
1998 4200 2017 4271 ΙΙ
2042 4205 2107 4253 27
2135 4200 2398 4254 aurelium
2421 4212 2539 4269 ng
2564 4199 2583 4268 ΙΙ
