3052 4823
566 327 646 385 50
1440 337 1824 380 PEmocHAE

565 500 700 556 erat
719 538 739 566 ,
773 509 924 551 cum
954 498 1217 551 senatus
1247 485 1609 568 pariturum
1641 507 1709 547 se
1740 483 1979 547 iudicio
2008 484 2241 566 legatis
2273 483 2566 560 dixisset,
2601 484 2695 548 ita

564 593 879 674 populum
918 589 1270 653 concitauit
1312 587 1561 650 bellum
1615 587 1919 650 aduersus
1964 587 2293 650 Romanos
2340 587 2693 660 suadendO,

566 705 640 756 ut
681 694 926 776 legatos
947 740 965 767 ,
1023 713 1148 774 quo
1189 689 1406 752 minus
1460 689 1892 763 uiolarentur,
1950 688 2106 769 fuga
2151 687 2552 770 explicuerit.
2631 687 2697 749 id

565 795 944 858 nuntiantes
988 793 1298 855 infestum
1341 791 1472 854 iam
1515 801 1814 854 senatum
1845 788 2489 871 Carthaginiensibus
2534 788 2694 850 infe-

569 897 830 960 stiorem
858 895 1169 958 fecerunt.
1236 895 1330 956 M.
1370 891 1637 955 Porcius
1670 892 1833 954 Cato
1874 891 2071 954 funus
2115 890 2240 954 filii
2282 890 2353 953 in
2396 901 2697 973 praetura
2728 903 2759 952 5

567 997 806 1060 mortui
823 997 1226 1073 tenuissimo,
1258 1007 1330 1058 ut
1350 994 1561 1078 potuit
1594 1029 1669 1040 --
1704 1015 1858 1056 nam
1877 1015 2121 1075 pauper
2144 1002 2279 1055 erat
2301 1031 2403 1068 -,
2434 1003 2698 1075 sumptu

568 1099 739 1162 fecit.
790 1098 1144 1161 Andriscus
1162 1147 1181 1174 ,
1230 1096 1342 1179 qui
1372 1119 1438 1160 se
1469 1094 1691 1171 Persei
1718 1094 1927 1157 filium
1948 1143 1969 1170 ,
2002 1094 2171 1177 regis
2204 1096 2527 1177 quondam
2556 1096 2698 1157 Ma-

571 1199 873 1264 cedoniae
890 1248 908 1275 ,
961 1199 1214 1284 ingenti
1245 1197 1729 1262 adseueratione
1770 1197 2152 1259 mentiretur
2169 1245 2190 1272 ,
2238 1199 2520 1260 Romam
2547 1195 2699 1258 mis-

572 1323 700 1365 sus.
753 1303 850 1364 M.
887 1301 1205 1367 Aemilius
1236 1299 1547 1382 Lepidus,
1582 1298 1692 1382 qui
1721 1299 2017 1382 princeps
2050 1310 2309 1362 senatus
2341 1298 2540 1362 sextis
2570 1297 2701 1360 iam

575 1403 944 1466 censoribus
1002 1404 1208 1465 lectus
1229 1451 1248 1478 ,
1341 1411 1688 1484 antequam
1748 1401 2067 1484 expiraret
2135 1401 2461 1484 praecepit
2519 1400 2695 1473 filiis,
2735 1412 2796 1460 10

573 1506 738 1568 lecto
771 1527 837 1568 se
869 1514 1066 1567 strato
1097 1503 1235 1566 sine
1264 1503 1517 1578 linteis,
1573 1503 1709 1565 sine
1750 1524 2035 1585 purpura
2076 1504 2404 1578 efferrent,
2446 1502 2517 1564 in
2557 1502 2702 1569 reli-

573 1629 722 1668 cum
751 1607 950 1668 funus
981 1627 1066 1667 ne
1095 1606 1244 1688 plus
1277 1627 1472 1687 quam
1502 1604 1663 1667 aeris
1696 1607 1891 1667 decus
1938 1615 2420 1668 consumerent:
2472 1603 2699 1687 imagi-

495 1721 502 1726 ·
575 1729 735 1770 110111
765 1706 974 1789 specie
993 1755 1012 1782 ,
1060 1729 1194 1769 non
1239 1705 1603 1789 sumptibus
1644 1705 1971 1768 nobilitari
2007 1728 2391 1788 magnorum
2420 1705 2704 1769 uirorum

575 1811 802 1872 funera
833 1809 1054 1870 solere.
1107 1809 1184 1870 de
1214 1806 1546 1869 ueneficiis
1578 1806 1961 1890 quaesitum.
2014 1807 2300 1886 Publilia
2330 1819 2393 1870 et
2423 1807 2700 1884 Licinia,

576 1909 825 1973 nobiles
867 1908 1147 1972 feminae
1165 1956 1186 1984 ,
1238 1931 1400 1990 quae
1444 1909 1617 1972 uiros
1662 1931 1810 1972 suos
1853 1910 2217 1972 consulares
2258 1931 2520 1972 necasse
2550 1909 2705 1972 insi-
2740 1923 2803 1972 15

577 2012 1028 2086 mulabantur,
1085 2009 1345 2092 cognita
1385 2032 1617 2087 causa,
1675 2033 1825 2073 cum
1878 2009 2156 2093 praetori
2198 2013 2464 2092 praedes
2506 2001 2704 2074 uades

579 2114 937 2188 dedissent,
984 2122 1402 2194 cognatorum
1445 2115 1699 2176 decreto
1729 2122 1994 2175 necatae
2026 2122 2201 2174 sunt.
2254 2112 2541 2176 Gulussa
2564 2115 2705 2176 Ma-

581 2215 849 2278 sinissae
880 2213 1055 2276 filius
1084 2213 1451 2292 nuntiauit,
1503 2215 1898 2297 Carthagine
1928 2213 2201 2275 dilectus
2250 2214 2355 2296 agi
2372 2262 2392 2290 ,
2438 2215 2706 2278 classem

581 2317 912 2401 conparari
943 2325 1007 2378 et
1036 2315 1210 2379 haud
1242 2316 1436 2378 dubie
1472 2316 1720 2379 bellum
1764 2314 1948 2378 strui.
2011 2337 2161 2376 cum
2206 2317 2368 2378 Cato
2412 2320 2708 2380 suaderet

581 2430 658 2484 ut
688 2420 778 2483 eis
807 2420 1054 2483 bellum
1083 2419 1509 2496 indiceretur,
1546 2421 1623 2482 P.
1662 2418 1961 2482 Cornelio
1991 2417 2231 2481 Nasica
2262 2418 2514 2482 dicente
2543 2419 2710 2482 nihil
2739 2431 2805 2481 20

581 2533 817 2585 temere
846 2522 1220 2585 faciundum
1239 2570 1258 2597 ,
1306 2520 1554 2607 plac-uit
1593 2542 1642 2583 x
1670 2522 1916 2603 legatos
1947 2518 2121 2580 mitti
2151 2519 2576 2601 exploratum.
2625 2523 2701 2583 L.

585 2624 876 2687 Licinius
937 2623 1252 2686 Lucullus
1306 2624 1388 2684 A.
1441 2622 1817 2685 Postumius
1860 2621 2139 2685 Albinus
2184 2644 2311 2685 cos.
2362 2643 2513 2685 cum
2554 2622 2708 2685 dile-

583 2738 762 2787 ctum
792 2746 1010 2787 seuere
1043 2732 1305 2807 agerent
1335 2745 1457 2785 nec
1487 2744 1877 2805 quemquam
1906 2724 2115 2805 gratia
2146 2724 2545 2787 dimitterent
2562 2772 2581 2800 ,
2630 2726 2709 2786 ab

585 2825 862 2888 tribunis
891 2825 1133 2907 plebis,
1187 2824 1300 2908 qui
1337 2847 1451 2907 pro
1496 2825 1719 2902 amicis
1750 2825 1883 2888 suis
1925 2826 2332 2889 uacationem
2371 2826 2711 2907 impetrare

583 2948 716 2989 non
746 2936 1082 3009 poterant,
1118 2928 1188 2989 in
1219 2948 1533 2990 carcerem
1565 2914 1841 2990 coniecti
1869 2938 2045 2991 sunt.
2096 2950 2246 2990 cum
2276 2927 2713 3011 Hispaniense
2744 2941 2808 2989 25

581 3029 826 3091 bellum
843 3049 1073 3111 parum
1093 3042 1390 3113 prospere
1416 3028 1801 3112 aliquot-iens
1826 3040 2083 3113 gestum
2098 3030 2193 3093 ita
2206 3028 2600 3093 confudisset
2628 3029 2714 3092 ci-

590 3350 612 3397 1
643 3352 759 3399 tum
783 3360 832 3399 N
855 3347 872 3417 11
899 3351 929 3399 2
956 3348 1216 3435 populum
1243 3348 1455 3400 addzdi:
1495 3366 1580 3399 om
1606 3360 1682 3410 N,
1657 3365 1718 3400 -r
1744 3348 1761 3417 11
1788 3348 1866 3400 ita
1901 3347 2105 3400 bellum
2142 3348 2401 3401 aduersus
2438 3348 2717 3399 Romanos

586 3422 864 3474 suadendo
891 3422 1186 3475 concitauit
1224 3441 1256 3475 r
1279 3424 1298 3492 11
1327 3427 1356 3475 3
1388 3423 1581 3493 legatis
1622 3443 1689 3487 ςν
1728 3424 1745 3494 11
1786 3429 1814 3476 5
1859 3425 2010 3495 porci
2049 3425 2255 3477 catonis
2290 3426 2417 3496 ΝςΙΙ
2445 3429 2475 3477 6
2516 3426 2719 3477 mortui

583 3522 682 3575 filii
710 3522 774 3594 ¹in
801 3530 1053 3591 praetura
1075 3542 1107 3576 r
1133 3525 1148 3595 ΙΙ
1177 3531 1240 3577 ut
1264 3523 1442 3577 uol'uit
1463 3544 1494 3577 r
1519 3526 1539 3596 11
1565 3543 1688 3578 nam
1730 3536 1795 3581 ut
1829 3525 2033 3597 pauper
2055 3539 2102 3579 N
2118 3566 2133 3591 ,
2172 3544 2297 3579 nam
2324 3532 2379 3579 et
2404 3543 2609 3597 pauper
2636 3546 2671 3588 ς
2696 3528 2715 3596 fl

567 3602 616 3651 ,9
642 3600 908 3652 aemulius
931 3614 978 3653 Ν
1002 3601 1020 3671 11
1047 3603 1140 3672 qui
1153 3604 1238 3655 del
1259 3604 1563 3655 Gronouius
1588 3604 1605 3674 11
1633 3611 1817 3657 sextus
1840 3618 1891 3657 Ν
1911 3606 1930 3673 fl
1962 3609 2023 3658 10
2050 3612 2164 3657 erat
2175 3605 2394 3657 lectusr
2420 3605 2437 3673 11
2470 3607 2525 3655 11
2546 3610 2719 3677 strato

584 3678 766 3730 linteis
791 3678 1102 3733 Perizonius
1129 3681 1146 3751 11
1174 3681 1397 3734 efferent
1419 3694 1469 3736 N
1490 3682 1506 3751 11
1540 3685 1601 3735 12
1628 3682 1805 3735 decies
1834 3701 1895 3747 ς,
1940 3682 2109 3736 denos
2132 3702 2163 3735 r
2179 3723 2192 3747 ,
2236 3684 2311 3735 D.
2347 3681 2579 3734 Orellius
2606 3682 2623 3749 11
2656 3684 2718 3733 13

583 3756 941 3810 maximorum
971 3777 1034 3821 ςν
1061 3762 1078 3829 ss
1110 3763 1172 3812 14
1198 3778 1325 3811 num
1351 3760 1546 3813 debere
1574 3760 1599 3811 P
1626 3760 1642 3829 11
1669 3761 1927 3830 publiliae
1954 3768 2009 3814 et
2019 3760 2234 3814 liciniae
2264 3772 2347 3821 Νς
2372 3759 2389 3827 l!
2417 3757 2605 3827 publia
2632 3777 2716 3821 ςν.

583 3838 831 3893 Publicia
857 3839 1108 3909 Sigonius
1149 3860 1176 3893 e
1210 3840 1423 3893 Valerio
1447 3840 1695 3894 ..Maximo
1718 3855 1799 3905 VI,
1830 3846 1919 3906 3,8
1948 3842 1964 3912 ΙῙ
1996 3845 2057 3893 15
2096 3840 2405 3893 consulares
2441 3857 2525 3890 om
2550 3856 2581 3891 r
2606 3840 2625 3909 11
2656 3843 2720 3893 16

583 3916 830 3985 praetore
853 3928 903 3968 N
925 3917 942 3985 11
969 3934 1152 3986 preces
1187 3916 1350 3968 uades
1379 3935 1429 3981 ς,
1461 3916 1643 3987 plures
1671 3918 1835 3970 uades
1863 3936 1913 3980 ς,
1942 3935 2040 3987 pro
2058 3934 2114 3969 se
2138 3916 2305 3968 uades
2332 3935 2384 3979 ς,
2415 3916 2721 3985 praedictos

583 3995 752 4046 uades
779 4014 814 4055 ς
830 3994 1098 4063 ‚praedes
1120 3994 1394 4063 uadesque
1419 4012 1450 4047 r
1476 3995 1492 4063 11
1525 3998 1584 4046 17
1623 3995 1802 4048 necati
1836 4012 1868 4047 r
1905 3996 1921 4063 11
1968 3998 2029 4046 18
2068 3992 2417 4045 denuntiauit
2452 4009 2483 4043 r
2522 3991 2539 4060 11
2578 3992 2721 4045 dele-

585 4075 704 4121 ctus
734 4087 798 4131 ςν
825 4070 841 4139 ss
873 4072 934 4121 19
961 4069 1188 4122 dubium
1212 4088 1244 4122 r
1269 4069 1286 4137 11
1314 4073 1375 4123 21
1404 4070 1551 4123 mitti
1576 4070 1785 4139 legatos
1810 4086 1841 4121 r
1868 4070 1885 4138 11
1912 4072 1977 4121 23
2018 4086 2050 4121 a
2086 4086 2117 4120 r
2142 4070 2159 4139 11
2187 4072 2252 4121 25
2294 4086 2415 4123 cum
2443 4073 2573 4135 post
2606 4068 2721 4121 bel-

586 4148 700 4199 lum
717 4153 930 4215 ponunt
954 4165 1018 4210 ςν
1045 4148 1061 4216 11
1090 4151 1155 4199 26
1180 4148 1458 4201 leuitatem
1483 4160 1566 4210 Νς
1592 4148 1608 4217 11
