3052 4823
325 893 356 941 5

294 1457 356 1506 10

297 2021 359 2071 15

1084 324 1557 367 PRODIGIORVM
1588 322 1812 365 LIBER.
2387 304 2508 365 113

385 517 441 544 fl
479 475 548 536 in
581 495 728 536 area
754 473 1037 537 Vulcani
1068 483 1131 535 et
1169 473 1563 536 Concordiae
1610 471 1993 554 sanguinem
2035 470 2225 553 pluit.
2288 470 2511 535 hastae
2574 475 2609 529 6

387 575 618 638 Martis
647 584 880 638 motae.
930 574 1212 638 Lanuuii
1257 575 1672 637 simulacrum
1701 572 1975 636 Iunonis
2008 571 2301 655 Sospitae
2331 571 2514 634 lacri-

386 677 613 739 mauit.
663 676 1067 758 pestilentiae
1098 675 1388 740 Libitina
1414 698 1548 739 non
1578 674 1851 738 suffecit.
1896 696 1977 736 ex
2002 673 2337 757 Sibyllinis
2369 694 2515 755 sup-

385 779 700 862 plicatum
718 826 738 853 ,
786 798 937 840 cum
967 800 1080 841 sex
1109 778 1436 841 mensibus
1467 799 1601 840 non
1629 775 1923 860 pluisset.
1974 775 2243 858 Ligures
2274 773 2515 856 proelio

391 881 548 942 uicti
581 880 920 963 deletique.

391 1042 472 1107 Q.
522 1039 756 1102 Fuluio
800 1041 876 1102 L.
927 1038 1178 1102 Manlio
1223 1060 1383 1102 coss.
1424 1038 1664 1102 nimbis
1708 1036 2033 1101 continuis
2072 1035 2147 1097 -in
2193 1033 2513 1117 Capitolio
2578 1029 2609 1082 7

387 1140 572 1224 signa
603 1140 848 1224 aliquot
879 1141 1145 1203 deiecta.
1195 1139 1469 1203 fulmine
1513 1142 1761 1204 Romae
1806 1150 1870 1202 et
1900 1138 2067 1201 circa
2096 1136 2377 1220 plurima
2406 1137 2511 1198 de·
2548 1106 2682 1191 [6¹]

389 1265 596 1305 cussa.
647 1243 717 1304 in
747 1242 1141 1306 lectisternio
1179 1241 1408 1325 [Iouis]
1458 1251 1659 1304 terrae
1702 1251 1883 1303 motu
1915 1242 2179 1302 deorum
2210 1237 2423 1320 capita
2453 1259 2529 1302 se.

387 1355 876 1419 conuerterunt3
925 1343 1076 1406 lana
1109 1344 1266 1404 bum
1306 1342 1767 1424 integumentis
1813 1364 1976 1424 quae
2007 1339 2154 1403 Ioui
2199 1349 2381 1430 erant
2410 1361 2519 1422 ap-

386 1445 596 1528 posita
627 1444 886 1507 decidit.
926 1446 1004 1506 de
1034 1427 1258 1505 mensa
1285 1442 1456 1505 oleas
1486 1463 1701 1504 mures
1732 1423 2197 1531 praeroserunt.

391 1605 488 1666 M.
527 1602 721 1666 Iunio
751 1604 832 1665 A.
869 1601 1120 1665 Manlio
1166 1624 1326 1665 coss.
1373 1599 1675 1662 incendio
1717 1599 1885 1663 circa
1926 1600 2137 1663 forum
2178 1621 2325 1661 cum
2374 1599 2516 1681 plu·
2581 1596 2615 1651 8

389 1705 552 1768 rima
595 1715 810 1768 essent
853 1705 1118 1780 deusta,
1168 1700 1354 1765 aedes
1387 1701 1658 1766 Veneris
1703 1701 1841 1764 sine
1885 1701 2033 1764 ullo·
2067 1700 2340 1784 uestigio
2385 1722 2515 1763 cre·
2554 1675 2695 1759 [62]

391 1817 589 1869 mata.
654 1808 890 1869 Vestae
933 1804 1280 1889 penetralis
1325 1803 1497 1887 ignis
1551 1803 1895 1866 extinctus.
1965 1801 2149 1886 uirgo
2191 1803 2371 1865 iu‘ssu
2417 1804 2513 1865 M.

390 1907 656 1970 Aemilii
685 1905 1008 1989 pontificis
1038 1907 1307 1969 maximi
1335 1907 1539 1988 flagro
1582 1925 1768 1967 caesa
1806 1905 2080 1988 negauit
2120 1905 2391 1968 ulterius
2422 1903 2519 1966 in-

393 2009 754 2072 teriturum.
824 2008 1404 2092 supplicationibus
1446 2007 1687 2070 habitis
1716 2006 1787 2068 in
1818 2007 2145 2090 Hispania
2174 2018 2239 2070 et
2268 2005 2523 2070 Histria
2575 2032 2583 2039 ·

390 2111 562 2172 bella
591 2131 889 2192 prospere
921 2110 1389 2173 administrata.
1660 2107 1668 2114 ’

312 2326 316 2331 .
391 2265 468 2327 C.
508 2263 782 2327 Claudio
811 2303 864 2329 μ

395 2434 418 2483 1
459 2432 523 2483 P.
565 2429 814 2483 Cornelio
871 2430 1112 2501 Cethego
1149 2432 1230 2483 Μ.
1279 2431 1484 2483 Baebio
1525 2429 1809 2499 Tamphilo
1844 2446 1981 2482 coss.
2032 2429 2282 2483 excidisse
2319 2430 2526 2483 monuit
2566 2485 2570 2489 ,

391 2505 671 2558 Hearnius
698 2506 715 2575 ss
742 2504 936 2556 Liuius
961 2520 1038 2557 XL
1057 2545 1070 2570 ‚
1107 2510 1168 2558 19
1201 2504 1278 2559 ‘in
1315 2523 1438 2559 area
1475 2506 1703 2558 Vulcani
1740 2514 1795 2558 et
1830 2505 2161 2558 Concordiae
2202 2507 2522 2577 sanguinem

392 2584 562 2653 pluit,
607 2591 662 2636 et
700 2582 981 2653 pontifices
1018 2584 1198 2637 hastas
1235 2593 1410 2637 motas
1446 2583 1770 2637 nuntiauere
1808 2591 1863 2637 et
1898 2584 2137 2636 Lanuuii
2174 2584 2521 2637 simulacrum

391 2660 620 2713 Iunonis
648 2660 895 2730 Sospitae
921 2660 1243 2714 lacrimasse.
1300 2660 1609 2731 pestilentia
1644 2660 1700 2713 in
1726 2660 1871 2731 agris
1904 2660 2143 2729 forisque
2170 2668 2225 2713 et
2272 2660 2523 2713 concilia-

389 2738 535 2790 bulis
571 2745 627 2789 et
664 2738 721 2790 in
748 2738 879 2790 urbe
904 2744 1056 2790 tanta
1081 2746 1212 2803 erat,
1242 2745 1306 2790 ut
1329 2738 1572 2791 Libitina
1597 2745 1727 2791 tunc
1754 2738 1848 2791 uix
1875 2730 2178 2792 sufficeret.’
2210 2739 2227 2808 ΙΙ
2254 2742 2283 2790 3
2312 2735 2525 2791 suffecit

392 2816 622 2869 Iuntina
641 2837 657 2867 .·
685 2816 884 2868 sufficit
907 2834 940 2867 a
967 2815 984 2886 ΙΙ
1010 2816 1203 2868 Liuius
1227 2831 1323 2881 XL,
1354 2820 1418 2868 29
1438 2814 1555 2869 ‘sex
1593 2834 1804 2869 menses
1829 2834 2123 2887 numquam
2148 2817 2390 2889 pluuisse
2414 2834 2525 2868 me-

393 2893 595 2945 moriae
620 2890 933 2961 proditum.’
966 2896 982 2959 11
1011 2896 1040 2943 6
1068 2894 1132 2944 L.
1160 2892 1442 2944 Hearnius
1461 2913 1478 2943 .·
1509 2895 1567 2944 C.
1594 2896 1674 2963 cvl}
1702 2893 1893 2945 Liuius
1918 2893 1995 2945 Χῖ.
2014 2932 2027 2957 ,
2060 2895 2123 2945 45
2142 2892 2365 2946 '‘eadem
2391 2899 2523 2945 tem-

389 2976 570 3035 pestas
597 2975 652 3017 et
675 2966 732 3017 in
759 2966 1027 3035 Capitolio
1053 2966 1262 3036 aliquot
1285 2968 1441 3035 signa
1463 2967 1763 3020 constrauit
1796 2967 2525 3038 fulminibusqueffiomplura

389 3045 511 3097 loca
535 3040 886 3106 defo'rmauit‚
929 3044 1118 3095 aedem
1153 3045 1303 3096 Iouis
1329 3044 1675 3110 Tarracinae,
1725 3046 1913 3097 aedem
1936 3046 2134 3099 Albam
2161 3042 2388 3116 Capuae
2404 3063 2525 3116 por-

391 3128 612 3190 tamque
635 3124 968 3185 Romanam;
995 3124 1138 3176 muri
1161 3126 1361 3193 pinnae
1387 3125 1598 3194 aliquot
1636 3126 1767 3178 locis
1795 3125 2051 3178 decussae
2076 3135 2246 3179 erant.
2286 3127 2418 3178 haec
2442 3126 2524 3177 in-

390 3204 475 3250 ter
498 3199 748 3268 prodigia
771 3200 1084 3251 nuntiatum
1110 3196 1165 3253 et
1189 3202 1258 3253 ab
1299 3202 1474 3253 Reate
1517 3202 1785 3270 tripedem
1820 3209 2012 3253 natum
2052 3200 2297 3255 mulum?
2328 3204 2345 3273 ΙΙ
2375 3206 2405 3255 8
2429 3202 2526 3253 Li-

391 3276 514 3328 uius
541 3290 637 3341 XL,
671 3281 734 3329 59
757 3274 923 3330 ‘terra
947 3278 1139 3331 mouit.
1179 3278 1237 3331 in
1261 3278 1392 3331 foris
1417 3279 1669 3349 publicis,
1700 3280 1798 3332 ubi
1817 3280 2209 3334 lectisternium
2236 3291 2367 3347 erat,
2398 3283 2526 3335 deo-

390 3369 512 3405 rum
539 3354 715 3425 capita
739 3372 876 3425 quae
901 3355 958 3407 in
983 3355 1138 3407 lectis
1165 3365 1318 3409 erant
1344 3363 1661 3409 auerterunt
1676 3374 1751 3421 se,
1780 3356 2010 3426 lanaque
2035 3371 2159 3411 cum
2184 3359 2525 3430 integumen-

391 3430 482 3495 tis,
522 3448 659 3500 quae
692 3431 818 3485 Ioui
841 3431 1091 3501 opposita
1114 3432 1234 3496 fuit,
1267 3433 1487 3487 decidit.
1540 3434 1607 3486 de
1641 3451 1827 3486 mensa
1858 3434 2001 3487 oleas
2029 3430 2243 3505 quoque
2267 3456 2525 3507 praegus-

391 3514 534 3561 tasse
560 3526 739 3562 mures
764 3511 822 3561 in
846 3509 1158 3580 prodigium
1182 3528 1401 3563 uersum
1428 3517 1528 3563 est.
1570 3512 1639 3563 ad
1664 3528 1729 3563 ea
1742 3512 2012 3581 expianda
2032 3514 2171 3567 nihil
2196 3514 2339 3566 ultra
2363 3532 2524 3584 quam

392 3593 456 3638 ut
478 3587 596 3640 ludi
621 3589 1048 3640 instaurarentur
1073 3596 1252 3640 actum
1279 3588 1394 3640 est.²
1418 3590 1443 3657 {1
1471 3588 1803 3641 lectisternio
1827 3589 1885 3639 in
1905 3589 2035 3641 foris
2055 3591 2455 3660 Oudendorpius
2482 3592 2499 3661 ΙΙ

392 3662 424 3711 9
448 3660 605 3713 laena
642 3662 971 3729 Schefferus,
1012 3661 1142 3712 lanx
1185 3662 1422 3730 Cuperus
1449 3662 1466 3730 ss
1494 3670 1612 3715 erat
1633 3665 1889 3717 Nunnius
1915 3666 2130 3718 miscell.
2159 3681 2244 3720 vn
2262 3708 2275 3733 ,
2324 3674 2382 3722 16
2412 3671 2429 3738 ΙΙ
2462 3674 2518 3721 11

389 3742 460 3791 A.
489 3740 805 3793 Hem-nius:
835 3739 942 3793 Gn.
971 3758 1004 3791 a
1031 3740 1048 3807 {l
1081 3744 1141 3791 14
1168 3740 1516 3793 interiturum
1569 3743 1907 3811 Schqfferus:
1960 3744 2304 3799 interiturum
2339 3765 2374 3798 a
2412 3748 2427 3817 ΙΙ
2462 3751 2522 3798 17

389 3816 700 3869 exciderunt
718 3817 972 3885 prodiqia
1010 3835 1144 3885 quae
1177 3818 1238 3869 Ο.
1288 3817 1510 3870 Claudio
1547 3819 1785 3872 Pulchro
1821 3822 1905 3873 Ti.
1936 3823 2247 3891 Sempronio
2281 3826 2524 3877 Graccho

390 3910 520 3947 coss.
548 3893 797 3946 nuntiata
821 3913 930 3947 esse
953 3900 1151 3947 narrat
1170 3894 1362 3947 Liuius
1380 3909 1510 3959 XLI,
1548 3900 1606 3947 13
1630 3894 1710 3951 ‘in
1736 3898 2085 3952 Crustumino
2110 3918 2267 3953 auem
2294 3920 2522 3973 sangua·

389 3972 514 4037 lem,
544 3990 706 4042 quam
731 3980 948 4037 uocant,
979 3991 1190 4027 sacrum
1212 3974 1446 4044 lapidem
1471 3982 1649 4028 rostro
1676 3977 1950 4043 cecidisse,
1980 3979 2178 4032 bouem
2203 3980 2261 4033 in
2298 3982 2521 4053 Campa-

389 4049 482 4102 nia
521 4048 787 4111 locutam,
833 4066 1050 4101 uaccam
1086 4066 1308 4101 aeneam
1334 4050 1613 4119 Syracusis
1638 4051 1706 4103 ab
1732 4054 1933 4122 agresti
1971 4061 2158 4120 taur03
2198 4057 2291 4126 qui
2328 4076 2521 4127 pecore

388 4128 688 4190 aberasset‚
731 4126 920 4179 initam
957 4146 1018 4179 ac
1037 4129 1256 4182 'semine
1281 4129 1625 4199 adspersam?
1656 4132 1673 4200 {j

472 4226 682 4267 LIVIVS.
1011 4240 1018 4247 ·
1581 4238 1589 4247 .
2102 4230 2135 4285 8
