3052 4823
1088 347 1560 402 PRODIGIORVM
1594 358 1816 400 LIBER.
2402 339 2521 401 123

399 515 631 568 motae.
693 507 992 570 Priuerni
1035 517 1199 568 terra
1244 517 1490 588 septem
1532 503 1830 589 iugerum
1886 505 2093 588 spatio
2135 505 2206 567 in
2248 529 2526 571 cauerna

405 607 671 670 desedit.
710 607 1049 670 Saturniae
1082 609 1490 691 androgynus
1523 618 1843 671 annorum
1873 609 2093 670 decem
2122 608 2429 672 inuentus
2461 622 2526 672 et

398 708 559 770 mari
605 711 952 772 demersus.
1031 709 1316 792 uirgines
1373 709 1615 792 uiginti
1670 719 1916 793 septem
1958 711 2186 774 urbem
2242 710 2525 772 carmine

321 895 330 902 ἢ
402 811 865 872 lustrauerunt.
915 810 1234 893 reliquum
1259 809 1422 872 anni
1451 810 1520 872 in
1551 831 1707 893 pace
1738 809 1886 872 fuit.
1966 877 1973 884 ,
2030 839 2038 846 ·

343 1025 372 1074 5
405 1014 514 1076 Μ’.
552 1013 760 1076 Acilio
792 1016 867 1077 C.
907 1013 1133 1076 Porcio
1163 1035 1324 1076 coss,
1377 1016 1454 1076 P.
1492 999 1959 1096 Ε1111115Ἑᾳηθε
1991 1017 2325 1077 Romanus
2358 1037 2393 1078 a
2423 1016 2520 1077 lu·
2586 1013 2661 1068 37

402 1115 501 1178 dis
532 1106 844 1208 Romanis
876 1137 1021 1178 cum
1054 1115 1124 1177 in
1144 1114 1460 1200 ‘Apuliam
1491 1127 1950 1204 reuerteretur‚
1985 1116 2239 1199 in-agro
2272 1117 2528 1180 Stellati
2564 1092 2698 1176 [97]

400 1216 538 1278 filia
569 1217 704 1279 eius
751 1217 935 1300 uirgo
975 1237 1141 1300 equo
1185 1216 1472 1279 insidens
1515 1217 1788 1280 fulmine
1833 1218 1961 1282 icta
2007 1219 2525 1300 exanimataque,

397 1316 786 1380 uestimento
799 1320 1074 1381 deducto
1091 1316 1492 1400 inguinibus,
1532 1330 1750 1380 exerta
1778 1319 2026 1402 lingua,
2042 1342 2174 1402 per
2196 1319 2529 1382 inferiores

401 1419 575 1481 locos
605 1428 681 1480 ut
710 1417 880 1500 ignis
911 1420 994 1480 ad
1023 1442 1092 1482 os
1132 1419 1485 1481 emicuerit.
1545 1440 1924 1501 responsum
1967 1419 2304 1482 infamiam
2332 1419 2531 1501 uirgi-

310 1531 372 1580 10
401 1519 595 1582 nibus
625 1528 691 1580 et
719 1519 999 1600 equestri
1028 1519 1236 1582 ordini
1264 1519 1598 1602 portendi,
1636 1519 1788 1602 quia
1818 1520 1969 1603 equi
1998 1532 2375 1584 ornamenta
2402 1520 2530 1582 dis-

282 1659 308 1708 .·
406 1641 591 1702 persa
621 1630 822 1682 erant.
890 1630 1016 1684 tres
1047 1642 1179 1684 uno
1221 1632 1505 1702 tempore
1547 1621 1832 1704 uirgines
1874 1621 2167 1684 Vestales
2211 1620 2530 1684 nobilissi-

405 1743 547 1784 mae
577 1743 725 1784 cum
756 1722 1001 1805 aliquot
1034 1723 1366 1806 equitibus
1409 1721 1725 1785 Romanis
1769 1722 1999 1785 incesti
2041 1744 2279 1804 poenas
2322 1722 2530 1786 subie-

407 1832 581 1884 runt.
631 1825 816 1896 aedes
847 1824 1088 1889 Veneri
1117 1824 1557 1889 Verticordiae
1585 1825 1776 1886 facta.
2305 1837 2311 1843 '

409 2027 484 2088 C.
522 2025 802 2090 Caecilio
835 2028 1023 2091 Gneo
1055 2027 1314 2111 Papirio
1346 2050 1506 2090 coss.
1564 2028 1855 2090 Albanus
1878 2048 2062 2089 mons
2092 2036 2279 2088 nocte
2312 2028 2529 2088 ardere
2594 2022 2670 2078 38

289 2139 375 2194 ,15
408 2127 612 2190 uisus.
672 2156 706 2190 εκ
735 2129 1024 2192 aedicula
1058 2139 1122 2191 et
1154 2130 1414 2212 signum
1444 2132 1522 2193 de
1556 2129 1731 2214 caelo
1764 2138 1957 2190 tacta.
2023 2149 2129 2190 ara
2162 2127 2403 2190 Salutis
2434 2126 2531 2188 in·
2569 2101 2707 2186 [98]

409 2228 718 2310 terrupta.
785 2239 951 2292 terra
1002 2230 1070 2291 in
1125 2231 1406 2292 Lucanis
1461 2241 1526 2292 et
1571 2213 1936 2292 Priuernati
1980 2229 2115 2290 late·
2166 2227 2399 2290 hiauit.
2464 2227 2536 2288 in

409 2329 628 2390 Gallia
679 2330 930 2391 caelum
981 2333 1200 2392 ardere
1265 2329 1502 2391 uisum.
1582 2329 1829 2392 Cimbri
1880 2329 2285 2410 Teutonique
2335 2329 2535 2409 Alpes

410 2430 788 2510 transgressi
838 2431 1092 2493 foedam
1147 2442 1426 2513 stragem
1471 2434 1911 2495 Romanorum
1958 2429 2400 2512 sociorumque
2446 2429 2535 2491 fe-

411 2540 659 2591 cerunt.

313 2743 378 2791 20
412 2734 488 2794 P.
529 2728 828 2814 Scipione
859 2736 936 2798 L.
975 2736 1327 2818 Calpurnio
1373 2758 1537 2800 coss
1587 2736 1867 2799 maxima
1913 2757 2057 2818 pars
2100 2734 2276 2798 urbis
2308 2724 2572 2813 exusta„
2600 2744 2674 2799 39

415 2855 562 2895 cum
594 2836 749 2897 aede
783 2838 1010 2901 Matris
1041 2861 1334 2922 magnae.
1385 2839 1551 2901 lacte
1580 2860 1692 2921 per
1724 2836 2013 2899 triduum
2040 2835 2244 2920 pluit,
2281 2834 2536 2899 hostiis·
2574 2824 2709 2908 [99]

412 2956 534 3016 que
555 2936 898 3017 expiatum
926 2939 1295 3003 maioribus.
1357 2938 1825 3021 Iugurthinum
1852 2938 2099 3001 bellum
2128 2949 2446 3000 exortum.

419 3232 440 3278 1
462 3246 747 3302 cauernam
765 3233 1066 3301 Schefferus
1093 3236 1110 3305 [1
1139 3239 1167 3286 5
1185 3235 1284 3287 Μ’.
1302 3234 1603 3287 Hearm‘us:
1632 3234 1713 3286 M.
1732 3252 1765 3285 a
1792 3233 1809 3303 ΙΙ
1844 3232 2063 3285 Orosius
2076 3246 2128 3297 v,
2156 3234 2216 3282 15
2238 3228 2325 3282 ‘L.
2345 3229 2542 3283 Eluius
2628 3234 2643 3273 '-

417 3324 580 3377 eques
605 3308 887 3361 Romanus
914 3327 1034 3363 cum
1060 3330 1231 3365 uxore
1256 3320 1311 3365 et
1335 3312 1444 3364 filia
1469 3312 1537 3364 de
1562 3312 1739 3363 Roma
1764 3310 1819 3363 in
1843 3310 2098 3379 Apuliam
2122 3310 2337 3381 rediens
2356 3348 2369 3372 ‚
2412 3314 2543 3367 tem-

417 3389 627 3451 pestate
653 3388 930 3454 co'rreptus
957 3403 1078 3438 cum
1104 3388 1267 3441 filiam
1295 3395 1693 3441 consternatam
1717 3388 1956 3449 uideret,
1998 3393 2062 3438 ut
2086 3386 2254 3439 ’citius
2280 3385 2543 3458 propiori-

413 3460 515 3511 bus
541 3462 698 3513 tectis
725 3462 1072 3516 succederent
1097 3464 1297 3539 relictis
1325 3464 1591 3518 uehiculis
1616 3466 1950 3545 arreptisque
1986 3462 2151 3532 equis
2176 3462 2341 3514 filiam
2378 3461 2545 3531 uirgi-

399 3552 542 3588 -nem
567 3554 707 3605 equo
734 3537 1058 3589 insidentem
1084 3539 1141 3591 in
1167 3539 1406 3592 medium
1429 3558 1625 3609 agmen
1651 3542 1874 3611 accepit.
1914 3541 2097 3611 puella
2132 3540 2393 3593 continuo
2430 3540 2544 3591 ictu
2568 3590 2573 3595 .

411 3611 655 3663 fulminis
683 3612 987 3663 exanimata
1010 3620 1111 3665 est.
1151 3616 1247 3667 sed
1286 3615 1538 3668 omnibus
1576 3616 1692 3668 sine
1732 3618 1964 3678 scissura
2000 3616 2182 3685 aliqua
2205 3614 2547 3667 uestimentis

417 3689 683 3757 ademptis
709 3708 769 3741 ac
805 3691 1038 3759 pectoris
1077 3692 1386 3761 pedumque
1425 3692 1659 3744 uinculis
1699 3692 2007 3754 dissolutiS,
2046 3690 2341 3743 monilibus
2380 3690 2543 3742 etiam

417 3767 702 3836 anulisque
728 3768 984 3819 discussis
1005 3806 1018 3831 ,
1049 3768 1166 3838 ipso
1193 3784 1409 3837 quoque
1435 3777 1657 3836 corpore
1684 3768 1887 3819 inlaeso
1902 3806 1916 3830 ,
1946 3767 2052 3819 nisi
2079 3767 2225 3836 quod
2250 3766 2543 3823 obscenum

406 3846 473 3897 111
499 3846 722 3897 111οᾶ11111
747 3852 802 3897 et
824 3845 1014 3914 lingua
1035 3836 1316 3914 paul'ulum
1355 3851 1542 3896 exerta
1576 3844 1761 3896 iacuit.
1815 3860 1987 3913 equus
2017 3858 2233 3912 quoque
2269 3842 2403 3911 ipse,
2435 3858 2545 3910 quo

415 3922 688 3987 utebatur,
725 3923 982 3987 straturis·
999 3923 1167 3975 frenis
1193 3928 1248 3974 et
1273 3921 1506 3991 cingulis
1534 3921 1816 3973 dissolutis
1830 3921 2030 3990 passim
2057 3938 2117 3972 ac
2140 3919 2398 3989 dispersis
2424 3937 2569 3995 exa--

415 4000 576 4052 nimis
625 4001 813 4070 procul
849 3998 1064 4054 ‘iacuit‘.
1095 4002 1112 4069 ξΙ
1150 4003 1214 4053 P.
1264 4000 1653 4051 Dsommsenius
1670 4020 1688 4050 .·
1737 3999 2029 4069 Pompeius
2077 4018 2111 4051 a
2130 4062 2137 4067 ‚
2154 4000 2171 4067 ss
2213 4002 2245 4051 6
2290 3998 2546 4067 Apuliam

417 4078 753 4145 Schefferus:
803 4078 1006 4147 Apulia
1031 4090 1064 4131 α
1091 4080 1108 4149 ss
1137 4083 1166 4131 8
1205 4078 1429 4131 diducto
1467 4078 1729 4130 Heinsius
1756 4078 1773 4148 ΙΙ
1810 4078 2129 4147 inguinibus
2166 4078 2546 4149 Wopkensias:

415 4155 471 4207 in
497 4155 816 4225 inguinibus
841 4174 875 4207 a
901 4157 918 4226 ss
951 4159 1010 4207 15
1023 4158 1268 4224 fortasse
1292 4154 1443 4207 Iouis
1471 4155 1716 4208 aedicula
1744 4158 1762 4225 Π
