<?xml version="1.0" encoding="UTF-8"?>
<!DOCTYPE html PUBLIC "-//W3C//DTD XHTML 1.0 Transitional//EN"
    "http://www.w3.org/TR/xhtml1/DTD/xhtml1-transitional.dtd">
<html xmlns="http://www.w3.org/1999/xhtml" xml:lang="en" lang="en">
 <head>
  <title>
</title>
<meta http-equiv="Content-Type" content="text/html;charset=utf-8" />
  <meta name='ocr-system' content='tesseract 3.04.00' />
  <meta name='ocr-capabilities' content='ocr_page ocr_carea ocr_par ocr_line ocrx_word'/>
</head>
<body>
  <div class='ocr_page' id='page_1' title='image "./tliviaburbecond00jahngoog_0160.png"; bbox 0 0 3052 4823; ppageno 0'>
   <div class='ocr_carea' id='block_1_1' title="bbox 297 323 2733 1990">
    <p class='ocr_par' dir='ltr' id='par_1_1' title="bbox 363 323 2733 990">
     <span class='ocr_line' id='line_1_1' title="bbox 775 323 2519 392; baseline 0.001 -2"><span class='ocrx_word' id='word_1_1' title='bbox 775 323 800 354; x_wconf 62' lang='lat'>⁸</span> <span class='ocrx_word' id='word_1_2' title='bbox 1089 347 1561 392; x_wconf 74' lang='lat' dir='ltr'><strong>PnomfflonvM</strong></span> <span class='ocrx_word' id='word_1_3' title='bbox 1587 347 1810 390; x_wconf 68' lang='lat' dir='ltr'><strong>mens.</strong></span> <span class='ocrx_word' id='word_1_4' title='bbox 1878 361 1891 368; x_wconf 82' lang='lat'><em>-</em></span> <span class='ocrx_word' id='word_1_5' title='bbox 2400 330 2519 391; x_wconf 83' lang='lat'><strong>129</strong></span> 
     </span>
     <span class='ocr_line' id='line_1_2' title="bbox 363 477 2521 581; baseline 0.002 -23"><span class='ocrx_word' id='word_1_6' title='bbox 363 563 376 574; x_wconf 78' lang='lat'><strong>.</strong></span> <span class='ocrx_word' id='word_1_7' title='bbox 391 518 536 558; x_wconf 90' lang='lat' dir='ltr'><strong>mae</strong></span> <span class='ocrx_word' id='word_1_8' title='bbox 582 477 1040 579; x_wconf 84' lang='lat' dir='ltr'><strong>apparuerunt.</strong></span> <span class='ocrx_word' id='word_1_9' title='bbox 1089 496 1582 560; x_wconf 79' lang='lat' dir='ltr'><strong>lustrationibus</strong></span> <span class='ocrx_word' id='word_1_10' title='bbox 1626 518 1923 581; x_wconf 85' lang='lat' dir='ltr'><strong>prospere</strong></span> <span class='ocrx_word' id='word_1_11' title='bbox 1968 491 2319 579; x_wconf 79' lang='lat' dir='ltr'><strong>expiatum:</strong></span> <span class='ocrx_word' id='word_1_12' title='bbox 2368 520 2521 562; x_wconf 88' lang='lat' dir='ltr'><strong>nam</strong></span> 
     </span>
     <span class='ocr_line' id='line_1_3' title="bbox 395 598 1927 682; baseline 0.001 -22"><span class='ocrx_word' id='word_1_13' title='bbox 395 607 568 661; x_wconf 89' lang='lat' dir='ltr'><strong>totus</strong></span> <span class='ocrx_word' id='word_1_14' title='bbox 598 619 807 661; x_wconf 88' lang='lat' dir='ltr'><strong>annus</strong></span> <span class='ocrx_word' id='word_1_15' title='bbox 839 598 1011 661; x_wconf 91' lang='lat' dir='ltr'><strong>domi</strong></span> <span class='ocrx_word' id='word_1_16' title='bbox 1040 599 1320 682; x_wconf 87' lang='lat' dir='ltr'><strong>forisque</strong></span> <span class='ocrx_word' id='word_1_17' title='bbox 1360 600 1751 682; x_wconf 86' lang='lat' dir='ltr'><strong>tranquillus</strong></span> <span class='ocrx_word' id='word_1_18' title='bbox 1781 599 1927 662; x_wconf 87' lang='lat' dir='ltr'><strong>fuit.</strong></span> 
     </span>
     <span class='ocr_line' id='line_1_4' title="bbox 393 802 2664 887; baseline 0.001 -21"><span class='ocrx_word' id='word_1_19' title='bbox 393 803 469 866; x_wconf 86' lang='lat' dir='ltr'><strong>C.</strong></span> <span class='ocrx_word' id='word_1_20' title='bbox 507 802 781 867; x_wconf 87' lang='lat' dir='ltr'><strong>Claudio</strong></span> <span class='ocrx_word' id='word_1_21' title='bbox 806 804 902 866; x_wconf 92' lang='lat' dir='ltr'><strong>M.</strong></span> <span class='ocrx_word' id='word_1_22' title='bbox 935 805 1258 887; x_wconf 88' lang='lat' dir='ltr'><strong>Perperna</strong></span> <span class='ocrx_word' id='word_1_23' title='bbox 1280 826 1442 868; x_wconf 63' lang='lat' dir='ltr'><strong>coss</strong></span> <span class='ocrx_word' id='word_1_24' title='bbox 1479 806 1651 868; x_wconf 92' lang='lat' dir='ltr'><strong>bubo</strong></span> <span class='ocrx_word' id='word_1_25' title='bbox 1674 804 1745 868; x_wconf 91' lang='lat' dir='ltr'><strong>in</strong></span> <span class='ocrx_word' id='word_1_26' title='bbox 1770 805 1923 868; x_wconf 87' lang='lat' dir='ltr'><strong>aede</strong></span> <span class='ocrx_word' id='word_1_27' title='bbox 1948 805 2274 868; x_wconf 82' lang='lat' dir='ltr'><strong>Fortunae</strong></span> <span class='ocrx_word' id='word_1_28' title='bbox 2297 826 2516 887; x_wconf 89' lang='lat' dir='ltr'><strong>eques·</strong></span> <span class='ocrx_word' id='word_1_29' title='bbox 2588 815 2664 871; x_wconf 86' lang='lat'><strong>53</strong></span> 
     </span>
     <span class='ocr_line' id='line_1_5' title="bbox 391 895 2733 990; baseline 0.002 -24"><span class='ocrx_word' id='word_1_30' title='bbox 391 904 508 967; x_wconf 88' lang='lat' dir='ltr'><strong>tris</strong></span> <span class='ocrx_word' id='word_1_31' title='bbox 538 905 1032 989; x_wconf 89' lang='lat' dir='ltr'><strong>comprehensus</strong></span> <span class='ocrx_word' id='word_1_32' title='bbox 1061 906 1230 970; x_wconf 86' lang='lat' dir='ltr'><strong>inter</strong></span> <span class='ocrx_word' id='word_1_33' title='bbox 1257 927 1488 972; x_wconf 87' lang='lat' dir='ltr'><strong>manus</strong></span> <span class='ocrx_word' id='word_1_34' title='bbox 1513 906 1856 990; x_wconf 84' lang='lat' dir='ltr'><strong>expirauit.</strong></span> <span class='ocrx_word' id='word_1_35' title='bbox 1908 907 2198 970; x_wconf 83' lang='lat' dir='ltr'><strong>Faesulis</strong></span> <span class='ocrx_word' id='word_1_36' title='bbox 2226 906 2519 970; x_wconf 83' lang='lat' dir='ltr'><strong>fremitus</strong></span> <span class='ocrx_word' id='word_1_37' title='bbox 2556 895 2653 979; x_wconf 90' lang='lat'><strong>[1¹</strong></span> <span class='ocrx_word' id='word_1_38' title='bbox 2674 895 2733 980; x_wconf 87' lang='lat'><strong>3]</strong></span> 
     </span>
    </p>

    <p class='ocr_par' dir='ltr' id='par_1_2' title="bbox 333 1007 2522 1500">
     <span class='ocr_line' id='line_1_6' title="bbox 333 1007 2521 1091; baseline 0.002 -25"><span class='ocrx_word' id='word_1_39' title='bbox 333 1018 364 1066; x_wconf 85' lang='lat'>5</span> <span class='ocrx_word' id='word_1_40' title='bbox 397 1017 600 1070; x_wconf 88' lang='lat' dir='ltr'><strong>terrae</strong></span> <span class='ocrx_word' id='word_1_41' title='bbox 631 1007 914 1071; x_wconf 87' lang='lat' dir='ltr'><strong>auditus.</strong></span> <span class='ocrx_word' id='word_1_42' title='bbox 949 1030 1111 1091; x_wconf 88' lang='lat' dir='ltr'><strong>puer</strong></span> <span class='ocrx_word' id='word_1_43' title='bbox 1141 1031 1222 1071; x_wconf 84' lang='lat' dir='ltr'><strong>ex</strong></span> <span class='ocrx_word' id='word_1_44' title='bbox 1252 1008 1486 1072; x_wconf 77' lang='lat' dir='ltr'><strong>ancilla</strong></span> <span class='ocrx_word' id='word_1_45' title='bbox 1513 1019 1708 1072; x_wconf 88' lang='lat' dir='ltr'><strong>natus</strong></span> <span class='ocrx_word' id='word_1_46' title='bbox 1740 1008 1879 1072; x_wconf 90' lang='lat' dir='ltr'><strong>sine</strong></span> <span class='ocrx_word' id='word_1_47' title='bbox 1909 1008 2221 1072; x_wconf 88' lang='lat' dir='ltr'><strong>foramine</strong></span> <span class='ocrx_word' id='word_1_48' title='bbox 2250 1018 2521 1072; x_wconf 85' lang='lat' dir='ltr'><strong>naturae</strong></span> 
     </span>
     <span class='ocr_line' id='line_1_7' title="bbox 397 1109 2522 1196; baseline 0.001 -26"><span class='ocrx_word' id='word_1_49' title='bbox 397 1131 526 1191; x_wconf 89' lang='lat' dir='ltr'><strong>qua</strong></span> <span class='ocrx_word' id='word_1_50' title='bbox 555 1109 788 1172; x_wconf 92' lang='lat' dir='ltr'><strong>humor</strong></span> <span class='ocrx_word' id='word_1_51' title='bbox 829 1110 1166 1174; x_wconf 84' lang='lat' dir='ltr'><strong>emittitur.</strong></span> <span class='ocrx_word' id='word_1_52' title='bbox 1230 1111 1462 1174; x_wconf 88' lang='lat' dir='ltr'><strong>mulier</strong></span> <span class='ocrx_word' id='word_1_53' title='bbox 1507 1109 1754 1196; x_wconf 82' lang='lat' dir='ltr'><strong>duplici</strong></span> <span class='ocrx_word' id='word_1_54' title='bbox 1797 1120 2033 1174; x_wconf 83' lang='lat' dir='ltr'><strong>natura</strong></span> <span class='ocrx_word' id='word_1_55' title='bbox 2070 1110 2361 1174; x_wconf 87' lang='lat' dir='ltr'><strong>inuenta.</strong></span> <span class='ocrx_word' id='word_1_56' title='bbox 2411 1110 2522 1172; x_wconf 84' lang='lat' dir='ltr'><strong>fax</strong></span> 
     </span>
     <span class='ocr_line' id='line_1_8' title="bbox 391 1209 2521 1295; baseline 0 -23"><span class='ocrx_word' id='word_1_57' title='bbox 391 1210 462 1272; x_wconf 91' lang='lat' dir='ltr'><strong>in</strong></span> <span class='ocrx_word' id='word_1_58' title='bbox 492 1212 668 1274; x_wconf 88' lang='lat' dir='ltr'><strong>caelo</strong></span> <span class='ocrx_word' id='word_1_59' title='bbox 698 1211 862 1275; x_wconf 87' lang='lat' dir='ltr'><strong>uisa.</strong></span> <span class='ocrx_word' id='word_1_60' title='bbox 925 1214 1039 1276; x_wconf 93' lang='lat' dir='ltr'><strong>bos</strong></span> <span class='ocrx_word' id='word_1_61' title='bbox 1069 1214 1319 1277; x_wconf 88' lang='lat' dir='ltr'><strong>locuta.</strong></span> <span class='ocrx_word' id='word_1_62' title='bbox 1386 1235 1659 1276; x_wconf 83' lang='lat' dir='ltr'><strong>examen</strong></span> <span class='ocrx_word' id='word_1_63' title='bbox 1702 1212 1925 1295; x_wconf 85' lang='lat' dir='ltr'><strong>apium</strong></span> <span class='ocrx_word' id='word_1_64' title='bbox 1968 1209 2040 1276; x_wconf 89' lang='lat' dir='ltr'><strong>in</strong></span> <span class='ocrx_word' id='word_1_65' title='bbox 2082 1212 2363 1277; x_wconf 91' lang='lat' dir='ltr'><strong>culmine</strong></span> <span class='ocrx_word' id='word_1_66' title='bbox 2393 1211 2521 1295; x_wconf 85' lang='lat' dir='ltr'><strong>pri-</strong></span> 
     </span>
     <span class='ocr_line' id='line_1_9' title="bbox 361 1315 2513 1403; baseline 0.001 -29"><span class='ocrx_word' id='word_1_67' title='bbox 361 1323 585 1375; x_wconf 87' lang='lat' dir='ltr'><strong>·uatae</strong></span> <span class='ocrx_word' id='word_1_68' title='bbox 617 1315 844 1378; x_wconf 90' lang='lat' dir='ltr'><strong>domus</strong></span> <span class='ocrx_word' id='word_1_69' title='bbox 876 1316 1186 1403; x_wconf 85' lang='lat' dir='ltr'><strong>consedit.</strong></span> <span class='ocrx_word' id='word_1_70' title='bbox 1237 1316 1591 1381; x_wconf 90' lang='lat' dir='ltr'><strong>Volaterris</strong></span> <span class='ocrx_word' id='word_1_71' title='bbox 1624 1315 1957 1398; x_wconf 84' lang='lat' dir='ltr'><strong>sanguinis</strong></span> <span class='ocrx_word' id='word_1_72' title='bbox 1988 1315 2167 1379; x_wconf 90' lang='lat' dir='ltr'><strong>riuus</strong></span> <span class='ocrx_word' id='word_1_73' title='bbox 2198 1315 2513 1378; x_wconf 81' lang='lat' dir='ltr'><strong>manauit.</strong></span> 
     </span>
     <span class='ocr_line' id='line_1_10' title="bbox 391 1409 2519 1500; baseline 0.001 -23"><span class='ocrx_word' id='word_1_74' title='bbox 391 1417 639 1478; x_wconf 89' lang='lat' dir='ltr'><strong>Romae</strong></span> <span class='ocrx_word' id='word_1_75' title='bbox 669 1416 834 1479; x_wconf 88' lang='lat' dir='ltr'><strong>lacte</strong></span> <span class='ocrx_word' id='word_1_76' title='bbox 864 1417 1056 1499; x_wconf 89' lang='lat' dir='ltr'><strong>pluit.</strong></span> <span class='ocrx_word' id='word_1_77' title='bbox 1106 1418 1345 1480; x_wconf 88' lang='lat' dir='ltr'><strong>Arretii</strong></span> <span class='ocrx_word' id='word_1_78' title='bbox 1389 1420 1518 1480; x_wconf 89' lang='lat' dir='ltr'><strong>duo</strong></span> <span class='ocrx_word' id='word_1_79' title='bbox 1566 1409 1921 1500; x_wconf 81' lang='lat' dir='ltr'><strong>androgyni</strong></span> <span class='ocrx_word' id='word_1_80' title='bbox 1961 1416 2237 1479; x_wconf 89' lang='lat' dir='ltr'><strong>inuenti.</strong></span> <span class='ocrx_word' id='word_1_81' title='bbox 2301 1417 2519 1500; x_wconf 90' lang='lat' dir='ltr'><strong>pullus</strong></span> 
     </span>
    </p>

    <p class='ocr_par' dir='ltr' id='par_1_3' title="bbox 297 1517 2579 1990">
     <span class='ocr_line' id='line_1_11' title="bbox 297 1517 2519 1602; baseline 0.002 -26"><span class='ocrx_word' id='word_1_82' title='bbox 297 1527 360 1602; x_wconf 79' lang='lat'><strong>¹.⁰</strong></span> <span class='ocrx_word' id='word_1_83' title='bbox 389 1517 787 1599; x_wconf 86' lang='lat' dir='ltr'><strong>gallinaceus</strong></span> <span class='ocrx_word' id='word_1_84' title='bbox 832 1518 1172 1601; x_wconf 87' lang='lat' dir='ltr'><strong>quadripes</strong></span> <span class='ocrx_word' id='word_1_85' title='bbox 1221 1531 1439 1582; x_wconf 75' lang='lat' dir='ltr'><strong>natus·</strong></span> <span class='ocrx_word' id='word_1_86' title='bbox 1497 1517 1772 1581; x_wconf 90' lang='lat' dir='ltr'><strong>fulmine</strong></span> <span class='ocrx_word' id='word_1_87' title='bbox 1814 1519 2113 1601; x_wconf 81' lang='lat' dir='ltr'><strong>pleraque</strong></span> <span class='ocrx_word' id='word_1_88' title='bbox 2153 1517 2304 1581; x_wconf 88' lang='lat' dir='ltr'><strong>icta.</strong></span> <span class='ocrx_word' id='word_1_89' title='bbox 2370 1539 2519 1600; x_wconf 90' lang='lat' dir='ltr'><strong>sup-</strong></span> 
     </span>
     <span class='ocr_line' id='line_1_12' title="bbox 392 1617 2579 1706; baseline 0 -27"><span class='ocrx_word' id='word_1_90' title='bbox 392 1617 656 1700; x_wconf 86' lang='lat' dir='ltr'><strong>plicatio</strong></span> <span class='ocrx_word' id='word_1_91' title='bbox 699 1619 845 1682; x_wconf 82' lang='lat' dir='ltr'><strong>fuit.</strong></span> <span class='ocrx_word' id='word_1_92' title='bbox 911 1622 1188 1706; x_wconf 89' lang='lat' dir='ltr'><strong>populus</strong></span> <span class='ocrx_word' id='word_1_93' title='bbox 1234 1621 1450 1685; x_wconf 85' lang='lat' dir='ltr'><strong>Cereri</strong></span> <span class='ocrx_word' id='word_1_94' title='bbox 1490 1632 1557 1684; x_wconf 87' lang='lat' dir='ltr'><strong>et</strong></span> <span class='ocrx_word' id='word_1_95' title='bbox 1600 1620 2021 1703; x_wconf 87' lang='lat' dir='ltr'><strong>Proserpinae</strong></span> <span class='ocrx_word' id='word_1_96' title='bbox 2062 1619 2296 1703; x_wconf 84' lang='lat' dir='ltr'><strong>stipem</strong></span> <span class='ocrx_word' id='word_1_97' title='bbox 2338 1619 2513 1681; x_wconf 91' lang='lat' dir='ltr'><strong>tulit.</strong></span> <span class='ocrx_word' id='word_1_98' title='bbox 2570 1687 2579 1698; x_wconf 55' lang='grc'><em>,</em></span> 
     </span>
     <span class='ocr_line' id='line_1_13' title="bbox 390 1720 2517 1808; baseline 0.001 -26"><span class='ocrx_word' id='word_1_99' title='bbox 390 1720 676 1804; x_wconf 90' lang='lat' dir='ltr'><strong>uirgines</strong></span> <span class='ocrx_word' id='word_1_100' title='bbox 718 1722 957 1806; x_wconf 86' lang='lat' dir='ltr'><strong>uiginti</strong></span> <span class='ocrx_word' id='word_1_101' title='bbox 1000 1735 1246 1808; x_wconf 90' lang='lat' dir='ltr'><strong>septem</strong></span> <span class='ocrx_word' id='word_1_102' title='bbox 1287 1745 1545 1787; x_wconf 86' lang='lat' dir='ltr'><strong>carmen</strong></span> <span class='ocrx_word' id='word_1_103' title='bbox 1587 1734 1890 1786; x_wconf 87' lang='lat' dir='ltr'><strong>canentes</strong></span> <span class='ocrx_word' id='word_1_104' title='bbox 1936 1724 2163 1785; x_wconf 88' lang='lat' dir='ltr'><strong>urbem</strong></span> <span class='ocrx_word' id='word_1_105' title='bbox 2201 1723 2517 1785; x_wconf 88' lang='lat' dir='ltr'><strong>lustraue-</strong></span> 
     </span>
     <span class='ocr_line' id='line_1_14' title="bbox 388 1822 2515 1908; baseline 0.002 -24"><span class='ocrx_word' id='word_1_106' title='bbox 388 1834 565 1885; x_wconf 77' lang='lat' dir='ltr'><strong>runt.</strong></span> <span class='ocrx_word' id='word_1_107' title='bbox 637 1825 979 1889; x_wconf 88' lang='lat' dir='ltr'><strong>Medorum</strong></span> <span class='ocrx_word' id='word_1_108' title='bbox 1021 1825 1116 1890; x_wconf 74' lang='lat' dir='ltr'><strong>in&#39;</strong></span> <span class='ocrx_word' id='word_1_109' title='bbox 1144 1826 1526 1890; x_wconf 87' lang='lat' dir='ltr'><strong>Macedonia</strong></span> <span class='ocrx_word' id='word_1_110' title='bbox 1580 1846 1737 1908; x_wconf 88' lang='lat' dir='ltr'><strong>gens</strong></span> <span class='ocrx_word' id='word_1_111' title='bbox 1793 1822 2196 1908; x_wconf 85' lang='lat' dir='ltr'><strong>prouinciam</strong></span> <span class='ocrx_word' id='word_1_112' title='bbox 2252 1841 2515 1889; x_wconf 90' lang='lat' dir='ltr'><strong>cruente</strong></span> 
     </span>
     <span class='ocr_line' id='line_1_15' title="bbox 388 1925 695 1990; baseline 0.007 -5"><span class='ocrx_word' id='word_1_113' title='bbox 388 1925 695 1990; x_wconf 84' lang='lat' dir='ltr'><strong>uastauit.</strong></span> 
     </span>
    </p>
   </div>
   <div class='ocr_carea' id='block_1_2' title="bbox 291 2132 2729 3039">
    <p class='ocr_par' dir='ltr' id='par_1_4' title="bbox 294 2132 2729 2629">
     <span class='ocr_line' id='line_1_16' title="bbox 294 2132 2663 2221; baseline 0.001 -31"><span class='ocrx_word' id='word_1_114' title='bbox 294 2142 356 2191; x_wconf 90' lang='lat'><strong>15</strong></span> <span class='ocrx_word' id='word_1_115' title='bbox 389 2133 466 2194; x_wconf 91' lang='lat' dir='ltr'><strong>L.</strong></span> <span class='ocrx_word' id='word_1_116' title='bbox 505 2132 751 2196; x_wconf 83' lang='lat' dir='ltr'><strong>Marcio</strong></span> <span class='ocrx_word' id='word_1_117' title='bbox 783 2134 934 2197; x_wconf 87' lang='lat' dir='ltr'><strong>Sex.</strong></span> <span class='ocrx_word' id='word_1_118' title='bbox 967 2136 1136 2199; x_wconf 92' lang='lat' dir='ltr'><strong>Iulio</strong></span> <span class='ocrx_word' id='word_1_119' title='bbox 1167 2159 1328 2202; x_wconf 89' lang='lat' dir='ltr'><strong>coss.</strong></span> <span class='ocrx_word' id='word_1_120' title='bbox 1366 2137 1558 2214; x_wconf 74' lang='lat' dir='ltr'><strong>Liuio</strong></span> <span class='ocrx_word' id='word_1_121' title='bbox 1587 2139 1800 2202; x_wconf 89' lang='lat' dir='ltr'><strong>Druso</strong></span> <span class='ocrx_word' id='word_1_122' title='bbox 1826 2147 1902 2200; x_wconf 90' lang='lat' dir='ltr'><strong>tr.</strong></span> <span class='ocrx_word' id='word_1_123' title='bbox 1940 2137 2029 2220; x_wconf 93' lang='lat' dir='ltr'><strong>pl.</strong></span> <span class='ocrx_word' id='word_1_124' title='bbox 2067 2137 2241 2221; x_wconf 91' lang='lat' dir='ltr'><strong>leges</strong></span> <span class='ocrx_word' id='word_1_125' title='bbox 2272 2137 2516 2199; x_wconf 80' lang='lat' dir='ltr'><strong>ferente</strong></span> <span class='ocrx_word' id='word_1_126' title='bbox 2587 2139 2663 2195; x_wconf 82' lang='lat'><strong>54</strong></span> 
     </span>
     <span class='ocr_line' id='line_1_17' title="bbox 389 2218 2729 2322; baseline 0.003 -27"><span class='ocrx_word' id='word_1_127' title='bbox 389 2255 539 2296; x_wconf 87' lang='lat' dir='ltr'><strong>cum</strong></span> <span class='ocrx_word' id='word_1_128' title='bbox 568 2236 813 2298; x_wconf 92' lang='lat' dir='ltr'><strong>bellum</strong></span> <span class='ocrx_word' id='word_1_129' title='bbox 846 2237 1149 2301; x_wconf 85' lang='lat' dir='ltr'><strong>Italicum</strong></span> <span class='ocrx_word' id='word_1_130' title='bbox 1181 2251 1613 2322; x_wconf 84' lang='lat' dir='ltr'><strong>consurgeret,</strong></span> <span class='ocrx_word' id='word_1_131' title='bbox 1649 2238 1940 2322; x_wconf 90' lang='lat' dir='ltr'><strong>prodigia</strong></span> <span class='ocrx_word' id='word_1_132' title='bbox 1970 2239 2179 2301; x_wconf 87' lang='lat' dir='ltr'><strong>multa</strong></span> <span class='ocrx_word' id='word_1_133' title='bbox 2209 2259 2516 2322; x_wconf 84' lang='lat' dir='ltr'><strong>apparue-</strong></span> <span class='ocrx_word' id='word_1_134' title='bbox 2554 2218 2609 2302; x_wconf 85' lang='grc' dir='ltr'><strong>[Ῑ</strong></span> <span class='ocrx_word' id='word_1_135' title='bbox 2634 2219 2729 2302; x_wconf 77' lang='lat'><strong>¹4]</strong></span> 
     </span>
     <span class='ocr_line' id='line_1_18' title="bbox 390 2338 2517 2425; baseline 0.002 -29"><span class='ocrx_word' id='word_1_136' title='bbox 390 2347 546 2398; x_wconf 89' lang='lat' dir='ltr'><strong>runt</strong></span> <span class='ocrx_word' id='word_1_137' title='bbox 576 2338 743 2400; x_wconf 91' lang='lat' dir='ltr'><strong>urbi.</strong></span> <span class='ocrx_word' id='word_1_138' title='bbox 795 2340 914 2400; x_wconf 87' lang='lat' dir='ltr'><strong>snb</strong></span> <span class='ocrx_word' id='word_1_139' title='bbox 948 2349 1093 2401; x_wconf 91' lang='lat' dir='ltr'><strong>ortu</strong></span> <span class='ocrx_word' id='word_1_140' title='bbox 1124 2339 1276 2403; x_wconf 89' lang='lat' dir='ltr'><strong>solis</strong></span> <span class='ocrx_word' id='word_1_141' title='bbox 1321 2341 1553 2424; x_wconf 88' lang='lat' dir='ltr'><strong>globus</strong></span> <span class='ocrx_word' id='word_1_142' title='bbox 1596 2341 1765 2425; x_wconf 90' lang='lat' dir='ltr'><strong>ignis</strong></span> <span class='ocrx_word' id='word_1_143' title='bbox 1812 2363 1851 2402; x_wconf 83' lang='lat' dir='ltr'><strong>a</strong></span> <span class='ocrx_word' id='word_1_144' title='bbox 1894 2339 2380 2422; x_wconf 84' lang='lat' dir='ltr'><strong>septentrionali</strong></span> <span class='ocrx_word' id='word_1_145' title='bbox 2423 2360 2517 2401; x_wconf 89' lang='lat' dir='ltr'><strong>re-</strong></span> 
     </span>
     <span class='ocr_line' id='line_1_19' title="bbox 391 2427 2537 2525; baseline 0.002 -26"><span class='ocrx_word' id='word_1_146' title='bbox 391 2437 584 2519; x_wconf 92' lang='lat' dir='ltr'><strong>gione</strong></span> <span class='ocrx_word' id='word_1_147' title='bbox 617 2460 765 2502; x_wconf 91' lang='lat' dir='ltr'><strong>cum</strong></span> <span class='ocrx_word' id='word_1_148' title='bbox 794 2440 1050 2523; x_wconf 89' lang='lat' dir='ltr'><strong>ingenti</strong></span> <span class='ocrx_word' id='word_1_149' title='bbox 1079 2464 1234 2506; x_wconf 91' lang='lat' dir='ltr'><strong>sono</strong></span> <span class='ocrx_word' id='word_1_150' title='bbox 1265 2443 1426 2508; x_wconf 89' lang='lat' dir='ltr'><strong>caeli</strong></span> <span class='ocrx_word' id='word_1_151' title='bbox 1456 2428 1747 2506; x_wconf 68' lang='lat' dir='ltr'><strong>emicuit.</strong></span> <span class='ocrx_word' id='word_1_152' title='bbox 1804 2427 2537 2525; x_wconf 70' lang='lat' dir='ltr'><strong>Arretiifrangentibus</strong></span> 
     </span>
     <span class='ocr_line' id='line_1_20' title="bbox 391 2543 2520 2629; baseline 0.002 -28"><span class='ocrx_word' id='word_1_153' title='bbox 391 2561 590 2622; x_wconf 89' lang='lat' dir='ltr'><strong>panes</strong></span> <span class='ocrx_word' id='word_1_154' title='bbox 636 2563 820 2605; x_wconf 90' lang='lat' dir='ltr'><strong>cruor</strong></span> <span class='ocrx_word' id='word_1_155' title='bbox 859 2565 893 2605; x_wconf 88' lang='lat' dir='ltr'><strong>e</strong></span> <span class='ocrx_word' id='word_1_156' title='bbox 935 2543 1164 2607; x_wconf 89' lang='lat' dir='ltr'><strong>mediis</strong></span> <span class='ocrx_word' id='word_1_157' title='bbox 1206 2546 1420 2608; x_wconf 86' lang='lat' dir='ltr'><strong>fluxit.</strong></span> <span class='ocrx_word' id='word_1_158' title='bbox 1496 2546 1567 2609; x_wconf 91' lang='lat' dir='ltr'><strong>in</strong></span> <span class='ocrx_word' id='word_1_159' title='bbox 1610 2545 1898 2610; x_wconf 89' lang='lat' dir='ltr'><strong>Vestinis</strong></span> <span class='ocrx_word' id='word_1_160' title='bbox 1941 2567 2054 2629; x_wconf 89' lang='lat' dir='ltr'><strong>per</strong></span> <span class='ocrx_word' id='word_1_161' title='bbox 2094 2545 2229 2608; x_wconf 89' lang='lat' dir='ltr'><strong>dies</strong></span> <span class='ocrx_word' id='word_1_162' title='bbox 2274 2554 2520 2627; x_wconf 89' lang='lat' dir='ltr'><strong>septem</strong></span> 
     </span>
    </p>

    <p class='ocr_par' dir='ltr' id='par_1_5' title="bbox 291 2642 2517 3039">
     <span class='ocr_line' id='line_1_21' title="bbox 291 2642 2517 2729; baseline 0.003 -28"><span class='ocrx_word' id='word_1_163' title='bbox 291 2652 356 2701; x_wconf 84' lang='lat'><strong>20</strong></span> <span class='ocrx_word' id='word_1_164' title='bbox 387 2642 710 2726; x_wconf 84' lang='lat' dir='ltr'><strong>lapidibus</strong></span> <span class='ocrx_word' id='word_1_165' title='bbox 742 2644 1050 2727; x_wconf 88' lang='lat' dir='ltr'><strong>testisque</strong></span> <span class='ocrx_word' id='word_1_166' title='bbox 1079 2646 1270 2729; x_wconf 89' lang='lat' dir='ltr'><strong>pluit.</strong></span> <span class='ocrx_word' id='word_1_167' title='bbox 1319 2648 1637 2712; x_wconf 90' lang='lat' dir='ltr'><strong>Aenariae</strong></span> <span class='ocrx_word' id='word_1_168' title='bbox 1668 2659 1871 2712; x_wconf 88' lang='lat' dir='ltr'><strong>terrae</strong></span> <span class='ocrx_word' id='word_1_169' title='bbox 1902 2648 2087 2711; x_wconf 83' lang='lat' dir='ltr'><strong>hiatu</strong></span> <span class='ocrx_word' id='word_1_170' title='bbox 2118 2648 2377 2709; x_wconf 83' lang='lat' dir='ltr'><strong>flamma</strong></span> <span class='ocrx_word' id='word_1_171' title='bbox 2408 2668 2517 2708; x_wconf 83' lang='lat' dir='ltr'><strong>ex·</strong></span> 
     </span>
     <span class='ocr_line' id='line_1_22' title="bbox 391 2746 2514 2836; baseline 0.001 -28"><span class='ocrx_word' id='word_1_172' title='bbox 391 2756 529 2808; x_wconf 90' lang='lat' dir='ltr'><strong>orta</strong></span> <span class='ocrx_word' id='word_1_173' title='bbox 571 2746 640 2809; x_wconf 92' lang='lat' dir='ltr'><strong>in</strong></span> <span class='ocrx_word' id='word_1_174' title='bbox 699 2748 949 2811; x_wconf 85' lang='lat' dir='ltr'><strong>caelum</strong></span> <span class='ocrx_word' id='word_1_175' title='bbox 998 2749 1281 2813; x_wconf 89' lang='lat' dir='ltr'><strong>emicuit.</strong></span> <span class='ocrx_word' id='word_1_176' title='bbox 1347 2751 1516 2814; x_wconf 89' lang='lat' dir='ltr'><strong>circa</strong></span> <span class='ocrx_word' id='word_1_177' title='bbox 1559 2751 1841 2836; x_wconf 87' lang='lat' dir='ltr'><strong>Regium</strong></span> <span class='ocrx_word' id='word_1_178' title='bbox 1885 2763 2089 2815; x_wconf 89' lang='lat' dir='ltr'><strong>terrae</strong></span> <span class='ocrx_word' id='word_1_179' title='bbox 2142 2759 2324 2813; x_wconf 87' lang='lat' dir='ltr'><strong>motu</strong></span> <span class='ocrx_word' id='word_1_180' title='bbox 2368 2770 2514 2832; x_wconf 89' lang='lat' dir='ltr'><strong>pars</strong></span> 
     </span>
     <span class='ocr_line' id='line_1_23' title="bbox 388 2847 2514 2936; baseline 0.003 -27"><span class='ocrx_word' id='word_1_181' title='bbox 388 2847 563 2910; x_wconf 85' lang='lat' dir='ltr'><strong>urbis</strong></span> <span class='ocrx_word' id='word_1_182' title='bbox 609 2850 904 2933; x_wconf 89' lang='lat' dir='ltr'><strong>murique</strong></span> <span class='ocrx_word' id='word_1_183' title='bbox 961 2850 1196 2915; x_wconf 88' lang='lat' dir='ltr'><strong>diruta.</strong></span> <span class='ocrx_word' id='word_1_184' title='bbox 1267 2852 1339 2915; x_wconf 89' lang='lat' dir='ltr'><strong>in</strong></span> <span class='ocrx_word' id='word_1_185' title='bbox 1397 2854 1735 2936; x_wconf 89' lang='lat' dir='ltr'><strong>Spoletino</strong></span> <span class='ocrx_word' id='word_1_186' title='bbox 1779 2855 1986 2917; x_wconf 87' lang='lat' dir='ltr'><strong>colore</strong></span> <span class='ocrx_word' id='word_1_187' title='bbox 2035 2876 2231 2917; x_wconf 88' lang='lat' dir='ltr'><strong>aureo</strong></span> <span class='ocrx_word' id='word_1_188' title='bbox 2284 2853 2514 2936; x_wconf 91' lang='lat' dir='ltr'><strong>globus</strong></span> 
     </span>
     <span class='ocr_line' id='line_1_24' title="bbox 385 2947 2515 3039; baseline 0.003 -30"><span class='ocrx_word' id='word_1_189' title='bbox 385 2947 555 3030; x_wconf 89' lang='lat' dir='ltr'><strong>ignis</strong></span> <span class='ocrx_word' id='word_1_190' title='bbox 587 2952 668 3012; x_wconf 86' lang='lat' dir='ltr'><strong>ad</strong></span> <span class='ocrx_word' id='word_1_191' title='bbox 700 2963 933 3016; x_wconf 90' lang='lat' dir='ltr'><strong>terram</strong></span> <span class='ocrx_word' id='word_1_192' title='bbox 963 2956 1335 3031; x_wconf 88' lang='lat' dir='ltr'><strong>deuolutus,</strong></span> <span class='ocrx_word' id='word_1_193' title='bbox 1368 2956 1696 3039; x_wconf 85' lang='lat' dir='ltr'><strong>maiorque</strong></span> <span class='ocrx_word' id='word_1_194' title='bbox 1719 2957 1927 3020; x_wconf 88' lang='lat' dir='ltr'><strong>factus</strong></span> <span class='ocrx_word' id='word_1_195' title='bbox 1953 2978 1986 3019; x_wconf 88' lang='lat' dir='ltr'><strong>e</strong></span> <span class='ocrx_word' id='word_1_196' title='bbox 2013 2967 2181 3019; x_wconf 87' lang='lat' dir='ltr'><strong>terra</strong></span> <span class='ocrx_word' id='word_1_197' title='bbox 2205 2957 2287 3019; x_wconf 89' lang='lat' dir='ltr'><strong>ad</strong></span> <span class='ocrx_word' id='word_1_198' title='bbox 2308 2955 2515 3018; x_wconf 88' lang='lat' dir='ltr'><strong>orien-</strong></span> 
     </span>
    </p>
   </div>
   <div class='ocr_carea' id='block_1_3' title="bbox 354 3234 2512 4250">
    <p class='ocr_par' dir='ltr' id='par_1_6' title="bbox 354 3234 2512 4250">
     <span class='ocr_line' id='line_1_25' title="bbox 385 3234 2512 3314; baseline 0.005 -29"><span class='ocrx_word' id='word_1_199' title='bbox 385 3236 416 3285; x_wconf 88' lang='lat'><strong>3</strong></span> <span class='ocrx_word' id='word_1_200' title='bbox 442 3234 715 3305; x_wconf 88' lang='lat' dir='ltr'><strong>Perperna</strong></span> <span class='ocrx_word' id='word_1_201' title='bbox 735 3238 1046 3291; x_wconf 75' lang='lat' dir='ltr'><strong>Hearnius:</strong></span> <span class='ocrx_word' id='word_1_202' title='bbox 1081 3240 1365 3311; x_wconf 85' lang='lat' dir='ltr'><strong>Perpenna</strong></span> <span class='ocrx_word' id='word_1_203' title='bbox 1399 3260 1434 3294; x_wconf 85' lang='lat' dir='ltr'><strong>a</strong></span> <span class='ocrx_word' id='word_1_204' title='bbox 1473 3243 1489 3311; x_wconf 67' lang='lat'><strong>{1</strong></span> <span class='ocrx_word' id='word_1_205' title='bbox 1534 3246 1595 3295; x_wconf 88' lang='lat'><strong>15</strong></span> <span class='ocrx_word' id='word_1_206' title='bbox 1630 3242 1794 3296; x_wconf 90' lang='lat' dir='ltr'><strong>Liuio</strong></span> <span class='ocrx_word' id='word_1_207' title='bbox 1830 3244 2015 3296; x_wconf 84' lang='lat' dir='ltr'><strong>Druso</strong></span> <span class='ocrx_word' id='word_1_208' title='bbox 2037 3250 2106 3297; x_wconf 85' lang='lat' dir='ltr'><strong>tr.</strong></span> <span class='ocrx_word' id='word_1_209' title='bbox 2134 3243 2399 3314; x_wconf 63' lang='lat' dir='ltr'><strong>pl.jleges</strong></span> <span class='ocrx_word' id='word_1_210' title='bbox 2435 3242 2512 3295; x_wconf 84' lang='lat' dir='ltr'><strong>se-</strong></span> 
     </span>
     <span class='ocr_line' id='line_1_26' title="bbox 386 3313 2511 3389; baseline 0.004 -27"><span class='ocrx_word' id='word_1_211' title='bbox 386 3318 541 3365; x_wconf 86' lang='lat' dir='ltr'><strong>rente</strong></span> <span class='ocrx_word' id='word_1_212' title='bbox 558 3313 870 3383; x_wconf 76' lang='lat' dir='ltr'><strong>Leopardus</strong></span> <span class='ocrx_word' id='word_1_213' title='bbox 895 3318 1096 3370; x_wconf 78' lang='lat' dir='ltr'><strong>emend.</strong></span> <span class='ocrx_word' id='word_1_214' title='bbox 1111 3330 1170 3380; x_wconf 84' lang='lat' dir='ltr'><strong>x,</strong></span> <span class='ocrx_word' id='word_1_215' title='bbox 1197 3320 1255 3368; x_wconf 87' lang='grc'><strong>17</strong></span> <span class='ocrx_word' id='word_1_216' title='bbox 1279 3314 1293 3370; x_wconf 75' lang='grc' dir='ltr'>ἑ</span> <span class='ocrx_word' id='word_1_217' title='bbox 1321 3316 1514 3370; x_wconf 84' lang='lat' dir='ltr'><strong>Libius</strong></span> <span class='ocrx_word' id='word_1_218' title='bbox 1529 3319 1699 3371; x_wconf 89' lang='lat' dir='ltr'><strong>Troso</strong></span> <span class='ocrx_word' id='word_1_219' title='bbox 1724 3319 1789 3371; x_wconf 86' lang='lat' dir='ltr'><strong>P.</strong></span> <span class='ocrx_word' id='word_1_220' title='bbox 1816 3318 2141 3389; x_wconf 81' lang='lat' dir='ltr'><strong>Tarquinius</strong></span> <span class='ocrx_word' id='word_1_221' title='bbox 2164 3318 2313 3388; x_wconf 89' lang='lat' dir='ltr'><strong>leges</strong></span> <span class='ocrx_word' id='word_1_222' title='bbox 2337 3317 2511 3371; x_wconf 86' lang='lat' dir='ltr'><strong>feren-</strong></span> 
     </span>
     <span class='ocr_line' id='line_1_27' title="bbox 381 3390 2511 3467; baseline 0.004 -26"><span class='ocrx_word' id='word_1_223' title='bbox 381 3397 463 3442; x_wconf 85' lang='lat' dir='ltr'><strong>tes</strong></span> <span class='ocrx_word' id='word_1_224' title='bbox 487 3409 522 3443; x_wconf 82' lang='lat' dir='ltr'><em>a</em></span> <span class='ocrx_word' id='word_1_225' title='bbox 548 3390 566 3459; x_wconf 74' lang='grc' dir='ltr'><strong>ΙΙ</strong></span> <span class='ocrx_word' id='word_1_226' title='bbox 597 3395 656 3443; x_wconf 87' lang='grc'><strong>17</strong></span> <span class='ocrx_word' id='word_1_227' title='bbox 687 3393 912 3447; x_wconf 77' lang='lat' dir='ltr'><strong>Orosius</strong></span> <span class='ocrx_word' id='word_1_228' title='bbox 935 3407 986 3458; x_wconf 86' lang='lat' dir='ltr'><strong>v,</strong></span> <span class='ocrx_word' id='word_1_229' title='bbox 1022 3397 1084 3449; x_wconf 86' lang='lat'><strong>18</strong></span> <span class='ocrx_word' id='word_1_230' title='bbox 1112 3393 1235 3447; x_wconf 84' lang='lat' dir='ltr'><strong>‘sub</strong></span> <span class='ocrx_word' id='word_1_231' title='bbox 1273 3401 1397 3449; x_wconf 85' lang='lat' dir='ltr'><strong>ortu</strong></span> <span class='ocrx_word' id='word_1_232' title='bbox 1435 3396 1564 3449; x_wconf 85' lang='lat' dir='ltr'><strong>solis</strong></span> <span class='ocrx_word' id='word_1_233' title='bbox 1606 3393 1803 3466; x_wconf 84' lang='lat' dir='ltr'><strong>globus</strong></span> <span class='ocrx_word' id='word_1_234' title='bbox 1825 3396 1971 3467; x_wconf 87' lang='lat' dir='ltr'><strong>ignis</strong></span> <span class='ocrx_word' id='word_1_235' title='bbox 1996 3415 2028 3449; x_wconf 89' lang='lat' dir='ltr'><strong>a</strong></span> <span class='ocrx_word' id='word_1_236' title='bbox 2049 3397 2273 3467; x_wconf 88' lang='lat' dir='ltr'><strong>regione</strong></span> <span class='ocrx_word' id='word_1_237' title='bbox 2298 3403 2511 3467; x_wconf 88' lang='lat' dir='ltr'><strong>septen-</strong></span> 
     </span>
     <span class='ocr_line' id='line_1_28' title="bbox 383 3468 2511 3545; baseline 0.005 -26"><span class='ocrx_word' id='word_1_238' title='bbox 383 3468 574 3521; x_wconf 87' lang='lat' dir='ltr'><strong>trionis</strong></span> <span class='ocrx_word' id='word_1_239' title='bbox 601 3487 724 3523; x_wconf 91' lang='lat' dir='ltr'><strong>cum</strong></span> <span class='ocrx_word' id='word_1_240' title='bbox 749 3471 985 3524; x_wconf 88' lang='lat' dir='ltr'><strong>maximo</strong></span> <span class='ocrx_word' id='word_1_241' title='bbox 1011 3473 1144 3527; x_wconf 84' lang='lat' dir='ltr'><strong>caeli</strong></span> <span class='ocrx_word' id='word_1_242' title='bbox 1180 3474 1394 3543; x_wconf 81' lang='lat' dir='ltr'><strong>fragore</strong></span> <span class='ocrx_word' id='word_1_243' title='bbox 1431 3475 1672 3529; x_wconf 88' lang='lat' dir='ltr'><strong>emicuit.</strong></span> <span class='ocrx_word' id='word_1_244' title='bbox 1713 3476 1861 3545; x_wconf 84' lang='lat' dir='ltr'><strong>apud</strong></span> <span class='ocrx_word' id='word_1_245' title='bbox 1886 3476 2170 3529; x_wconf 88' lang='lat' dir='ltr'><strong>Arretinos</strong></span> <span class='ocrx_word' id='word_1_246' title='bbox 2195 3493 2317 3528; x_wconf 90' lang='lat' dir='ltr'><strong>cum</strong></span> <span class='ocrx_word' id='word_1_247' title='bbox 2343 3493 2511 3544; x_wconf 83' lang='lat' dir='ltr'><strong>panes</strong></span> 
     </span>
     <span class='ocr_line' id='line_1_29' title="bbox 382 3548 2511 3625; baseline 0.005 -27"><span class='ocrx_word' id='word_1_248' title='bbox 382 3563 477 3615; x_wconf 91' lang='lat' dir='ltr'><strong>per</strong></span> <span class='ocrx_word' id='word_1_249' title='bbox 501 3548 756 3603; x_wconf 89' lang='lat' dir='ltr'><strong>conuiuia</strong></span> <span class='ocrx_word' id='word_1_250' title='bbox 779 3551 1172 3621; x_wconf 80' lang='lat' dir='ltr'><strong>frangerentur,</strong></span> <span class='ocrx_word' id='word_1_251' title='bbox 1203 3571 1361 3606; x_wconf 87' lang='lat' dir='ltr'><strong>cruor</strong></span> <span class='ocrx_word' id='word_1_252' title='bbox 1385 3572 1414 3606; x_wconf 91' lang='lat' dir='ltr'><strong>e</strong></span> <span class='ocrx_word' id='word_1_253' title='bbox 1447 3554 1641 3609; x_wconf 80' lang='lat' dir='ltr'><strong>mediis</strong></span> <span class='ocrx_word' id='word_1_254' title='bbox 1673 3555 1905 3625; x_wconf 85' lang='lat' dir='ltr'><strong>panibus</strong></span> <span class='ocrx_word' id='word_1_255' title='bbox 1931 3555 2085 3625; x_wconf 86' lang='lat' dir='ltr'><strong>quasi</strong></span> <span class='ocrx_word' id='word_1_256' title='bbox 2120 3573 2149 3609; x_wconf 90' lang='lat' dir='ltr'><strong>e</strong></span> <span class='ocrx_word' id='word_1_257' title='bbox 2192 3556 2511 3609; x_wconf 87' lang='lat' dir='ltr'><strong>uulneribus</strong></span> 
     </span>
     <span class='ocr_line' id='line_1_30' title="bbox 357 3627 2510 3706; baseline 0.006 -30"><span class='ocrx_word' id='word_1_258' title='bbox 357 3640 662 3705; x_wconf 21' lang='lat' dir='ltr'><strong>&#39;corporum</strong></span> <span class='ocrx_word' id='word_1_259' title='bbox 685 3627 862 3681; x_wconf 84' lang='lat' dir='ltr'><strong>fluxit.</strong></span> <span class='ocrx_word' id='word_1_260' title='bbox 902 3638 1178 3700; x_wconf 80' lang='lat' dir='ltr'><strong>praeterea</strong></span> <span class='ocrx_word' id='word_1_261' title='bbox 1211 3648 1308 3701; x_wconf 90' lang='lat' dir='ltr'><strong>per</strong></span> <span class='ocrx_word' id='word_1_262' title='bbox 1333 3640 1541 3701; x_wconf 88' lang='lat' dir='ltr'><strong>septem</strong></span> <span class='ocrx_word' id='word_1_263' title='bbox 1568 3634 1861 3688; x_wconf 77' lang='lat' dir='ltr'><strong>continuos</strong></span> <span class='ocrx_word' id='word_1_264' title='bbox 1895 3634 2009 3688; x_wconf 85' lang='lat' dir='ltr'><strong>dies</strong></span> <span class='ocrx_word' id='word_1_265' title='bbox 2035 3636 2242 3705; x_wconf 88' lang='lat' dir='ltr'><strong>grando</strong></span> <span class='ocrx_word' id='word_1_266' title='bbox 2266 3636 2510 3706; x_wconf 87' lang='lat' dir='ltr'><strong>lapidum</strong></span> 
     </span>
     <span class='ocr_line' id='line_1_31' title="bbox 354 3699 2510 3775; baseline 0.007 -24"><span class='ocrx_word' id='word_1_267' title='bbox 354 3699 626 3763; x_wconf 48' lang='lat' dir='ltr'><strong>Qinmixtis</strong></span> <span class='ocrx_word' id='word_1_268' title='bbox 652 3704 814 3756; x_wconf 85' lang='lat' dir='ltr'><strong>etiam</strong></span> <span class='ocrx_word' id='word_1_269' title='bbox 838 3712 1101 3758; x_wconf 85' lang='lat' dir='ltr'><strong>testarum</strong></span> <span class='ocrx_word' id='word_1_270' title='bbox 1125 3706 1442 3775; x_wconf 83' lang='lat' dir='ltr'><strong>fragmentis</strong></span> <span class='ocrx_word' id='word_1_271' title='bbox 1465 3715 1665 3761; x_wconf 84' lang='lat' dir='ltr'><strong>terram</strong></span> <span class='ocrx_word' id='word_1_272' title='bbox 1688 3710 1949 3763; x_wconf 84' lang='lat' dir='ltr'><strong>latissime</strong></span> <span class='ocrx_word' id='word_1_273' title='bbox 1975 3710 2302 3764; x_wconf 85' lang='lat' dir='ltr'><strong>uerberauit.</strong></span> <span class='ocrx_word' id='word_1_274' title='bbox 2331 3712 2389 3765; x_wconf 88' lang='lat' dir='ltr'><strong>in</strong></span> <span class='ocrx_word' id='word_1_275' title='bbox 2416 3712 2510 3766; x_wconf 82' lang='lat' dir='ltr'><strong>Sa-</strong></span> 
     </span>
     <span class='ocr_line' id='line_1_32' title="bbox 375 3780 2510 3859; baseline 0.005 -27"><span class='ocrx_word' id='word_1_276' title='bbox 375 3780 639 3833; x_wconf 85' lang='lat' dir='ltr'><strong>mnitibus</strong></span> <span class='ocrx_word' id='word_1_277' title='bbox 665 3784 975 3837; x_wconf 86' lang='lat' dir='ltr'><strong>uastissimo</strong></span> <span class='ocrx_word' id='word_1_278' title='bbox 1000 3792 1173 3837; x_wconf 84' lang='lat' dir='ltr'><strong>terrae</strong></span> <span class='ocrx_word' id='word_1_279' title='bbox 1197 3785 1353 3839; x_wconf 81' lang='lat' dir='ltr'><strong>hiatu</strong></span> <span class='ocrx_word' id='word_1_280' title='bbox 1375 3786 1591 3839; x_wconf 85' lang='lat' dir='ltr'><strong>flamma</strong></span> <span class='ocrx_word' id='word_1_281' title='bbox 1614 3789 1863 3858; x_wconf 86' lang='lat' dir='ltr'><strong>prorupit</strong></span> <span class='ocrx_word' id='word_1_282' title='bbox 1902 3796 1956 3841; x_wconf 82' lang='lat' dir='ltr'><strong>et</strong></span> <span class='ocrx_word' id='word_1_283' title='bbox 1995 3804 2166 3859; x_wconf 84' lang='lat' dir='ltr'><strong>usque</strong></span> <span class='ocrx_word' id='word_1_284' title='bbox 2205 3790 2263 3841; x_wconf 91' lang='lat' dir='ltr'><strong>in</strong></span> <span class='ocrx_word' id='word_1_285' title='bbox 2302 3790 2510 3843; x_wconf 85' lang='lat' dir='ltr'><strong>caelum</strong></span> 
     </span>
     <span class='ocr_line' id='line_1_33' title="bbox 379 3856 2510 3937; baseline 0.007 -30"><span class='ocrx_word' id='word_1_286' title='bbox 379 3856 601 3909; x_wconf 86' lang='lat' dir='ltr'><strong>extendi</strong></span> <span class='ocrx_word' id='word_1_287' title='bbox 627 3858 748 3911; x_wconf 85' lang='lat' dir='ltr'><strong>uisa</strong></span> <span class='ocrx_word' id='word_1_288' title='bbox 771 3870 870 3913; x_wconf 89' lang='lat' dir='ltr'><strong>est.</strong></span> <span class='ocrx_word' id='word_1_289' title='bbox 911 3860 1196 3932; x_wconf 88' lang='lat' dir='ltr'><strong>conplures</strong></span> <span class='ocrx_word' id='word_1_290' title='bbox 1221 3870 1498 3931; x_wconf 87' lang='lat' dir='ltr'><strong>praeterea</strong></span> <span class='ocrx_word' id='word_1_291' title='bbox 1520 3864 1579 3917; x_wconf 87' lang='lat' dir='ltr'><strong>in</strong></span> <span class='ocrx_word' id='word_1_292' title='bbox 1603 3865 1797 3917; x_wconf 89' lang='lat' dir='ltr'><strong>itinere</strong></span> <span class='ocrx_word' id='word_1_293' title='bbox 1821 3865 2007 3919; x_wconf 87' lang='lat' dir='ltr'><strong>uidere</strong></span> <span class='ocrx_word' id='word_1_294' title='bbox 2023 3866 2259 3921; x_wconf 81' lang='lat' dir='ltr'><strong>Romani</strong></span> <span class='ocrx_word' id='word_1_295' title='bbox 2285 3868 2510 3937; x_wconf 86' lang='lat' dir='ltr'><strong>globum</strong></span> 
     </span>
     <span class='ocr_line' id='line_1_34' title="bbox 373 3935 2511 4015; baseline 0.006 -28"><span class='ocrx_word' id='word_1_296' title='bbox 373 3935 568 3989; x_wconf 89' lang='lat' dir='ltr'><strong>coloris</strong></span> <span class='ocrx_word' id='word_1_297' title='bbox 593 3939 918 4008; x_wconf 57' lang='lat' dir='ltr'><strong>aureitcaelo</strong></span> <span class='ocrx_word' id='word_1_298' title='bbox 960 3941 1030 3993; x_wconf 85' lang='lat' dir='ltr'><strong>ad</strong></span> <span class='ocrx_word' id='word_1_299' title='bbox 1069 3948 1268 3995; x_wconf 80' lang='lat' dir='ltr'><strong>terram</strong></span> <span class='ocrx_word' id='word_1_300' title='bbox 1305 3943 1530 3997; x_wconf 87' lang='lat' dir='ltr'><strong>deuolui</strong></span> <span class='ocrx_word' id='word_1_301' title='bbox 1549 3982 1563 4007; x_wconf 89' lang='lat'><strong><em>,</em></strong></span> <span class='ocrx_word' id='word_1_302' title='bbox 1605 3944 2213 4015; x_wconf 58' lang='lat' dir='ltr'><strong>maioremque‘jsactum</strong></span> <span class='ocrx_word' id='word_1_303' title='bbox 2250 3964 2437 4000; x_wconf 76' lang='lat' dir='ltr'><strong>rursus</strong></span> <span class='ocrx_word' id='word_1_304' title='bbox 2478 3964 2511 3999; x_wconf 88' lang='lat' dir='ltr'><strong>a</strong></span> 
     </span>
     <span class='ocr_line' id='line_1_35' title="bbox 371 4016 2502 4095; baseline 0.004 -27"><span class='ocrx_word' id='word_1_305' title='bbox 371 4023 515 4069; x_wconf 84' lang='lat' dir='ltr'><strong>terra</strong></span> <span class='ocrx_word' id='word_1_306' title='bbox 539 4016 865 4085; x_wconf 63' lang='lat' dir='ltr'><strong>inJ-sublime</strong></span> <span class='ocrx_word' id='word_1_307' title='bbox 900 4018 972 4071; x_wconf 86' lang='lat' dir='ltr'><strong>ad</strong></span> <span class='ocrx_word' id='word_1_308' title='bbox 1009 4018 1274 4073; x_wconf 89' lang='lat' dir='ltr'><strong>orientem</strong></span> <span class='ocrx_word' id='word_1_309' title='bbox 1311 4021 1480 4075; x_wconf 88' lang='lat' dir='ltr'><strong>solem</strong></span> <span class='ocrx_word' id='word_1_310' title='bbox 1516 4022 1646 4074; x_wconf 84' lang='lat' dir='ltr'><strong>ferri</strong></span> <span class='ocrx_word' id='word_1_311' title='bbox 1680 4040 1743 4077; x_wconf 87' lang='lat' dir='ltr'><strong>ac</strong></span> <span class='ocrx_word' id='word_1_312' title='bbox 1778 4023 2155 4093; x_wconf 78' lang='lat' dir='ltr'><strong>magnitudine</strong></span> <span class='ocrx_word' id='word_1_313' title='bbox 2178 4042 2291 4079; x_wconf 77' lang='lat' dir='ltr'><strong>,sua</strong></span> <span class='ocrx_word' id='word_1_314' title='bbox 2325 4025 2502 4095; x_wconf 83' lang='lat' dir='ltr'><strong>ipsum</strong></span> 
     </span>
     <span class='ocr_line' id='line_1_36' title="bbox 374 4095 2495 4173; baseline 0.003 -24"><span class='ocrx_word' id='word_1_315' title='bbox 374 4096 545 4149; x_wconf 90' lang='lat' dir='ltr'><strong>solem</strong></span> <span class='ocrx_word' id='word_1_316' title='bbox 570 4095 877 4151; x_wconf 66' lang='lat' dir='ltr'><strong>obtexisse?</strong></span> <span class='ocrx_word' id='word_1_317' title='bbox 909 4102 926 4165; x_wconf 77' lang='lat' dir='ltr'>ss</span> <span class='ocrx_word' id='word_1_318' title='bbox 953 4097 1144 4151; x_wconf 89' lang='lat' dir='ltr'><strong>Vrbini</strong></span> <span class='ocrx_word' id='word_1_319' title='bbox 1169 4100 1471 4169; x_wconf 69' lang='lat' dir='ltr'><strong>Schqfferus</strong></span> <span class='ocrx_word' id='word_1_320' title='bbox 1498 4101 1515 4170; x_wconf 74' lang='lat' dir='ltr'>fl</span> <span class='ocrx_word' id='word_1_321' title='bbox 1545 4101 1927 4171; x_wconf 65' lang='lat' dir='ltr'><strong>202Aeserniae</strong></span> <span class='ocrx_word' id='word_1_322' title='bbox 1960 4102 2363 4172; x_wconf 79' lang='lat' dir='ltr'><strong>Oudendorpius</strong></span> <span class='ocrx_word' id='word_1_323' title='bbox 2388 4105 2405 4173; x_wconf 71' lang='lat' dir='ltr'>u</span> <span class='ocrx_word' id='word_1_324' title='bbox 2434 4107 2495 4156; x_wconf 83' lang='lat'><strong>21</strong></span> 
     </span>
     <span class='ocr_line' id='line_1_37' title="bbox 371 4176 2479 4250; baseline 0.003 -23"><span class='ocrx_word' id='word_1_325' title='bbox 371 4182 545 4228; x_wconf 79' lang='lat' dir='ltr'><strong>terrae</strong></span> <span class='ocrx_word' id='word_1_326' title='bbox 569 4183 723 4229; x_wconf 85' lang='lat' dir='ltr'><strong>motu</strong></span> <span class='ocrx_word' id='word_1_327' title='bbox 749 4176 1072 4229; x_wconf 77' lang='lat' dir='ltr'><strong>Basileensis</strong></span> <span class='ocrx_word' id='word_1_328' title='bbox 1090 4196 1106 4226; x_wconf 93' lang='grc'><strong>.·</strong></span> <span class='ocrx_word' id='word_1_329' title='bbox 1144 4183 1285 4229; x_wconf 86' lang='lat' dir='ltr'><strong>terre</strong></span> <span class='ocrx_word' id='word_1_330' title='bbox 1323 4188 1470 4231; x_wconf 82' lang='lat' dir='ltr'><strong>mota</strong></span> <span class='ocrx_word' id='word_1_331' title='bbox 1502 4194 1538 4229; x_wconf 85' lang='lat' dir='ltr'><strong>a</strong></span> <span class='ocrx_word' id='word_1_332' title='bbox 1562 4178 1581 4245; x_wconf 75' lang='lat' dir='ltr'>ss</span> <span class='ocrx_word' id='word_1_333' title='bbox 1608 4180 1674 4229; x_wconf 85' lang='lat'><strong>22</strong></span> <span class='ocrx_word' id='word_1_334' title='bbox 1701 4195 1730 4231; x_wconf 92' lang='lat' dir='ltr'><strong>e</strong></span> <span class='ocrx_word' id='word_1_335' title='bbox 1755 4177 1904 4230; x_wconf 84' lang='lat' dir='ltr'><strong>caelo</strong></span> <span class='ocrx_word' id='word_1_336' title='bbox 1930 4177 2108 4230; x_wconf 84' lang='lat' dir='ltr'><strong>colore</strong></span> <span class='ocrx_word' id='word_1_337' title='bbox 2132 4179 2435 4249; x_wconf 71' lang='lat' dir='ltr'><strong>Schefferus</strong></span> <span class='ocrx_word' id='word_1_338' title='bbox 2460 4182 2479 4250; x_wconf 81' lang='lat' dir='ltr'>ss</span> 
     </span>
    </p>
   </div>
   <div class='ocr_carea' id='block_1_4' title="bbox 455 4272 2168 4325">
    <p class='ocr_par' dir='ltr' id='par_1_7' title="bbox 455 4272 2168 4325">
     <span class='ocr_line' id='line_1_38' title="bbox 455 4272 2168 4325; baseline 0.002 -12"><span class='ocrx_word' id='word_1_339' title='bbox 455 4274 666 4314; x_wconf 76' lang='lat' dir='ltr'><strong>LIVIVS.</strong></span> <span class='ocrx_word' id='word_1_340' title='bbox 2134 4272 2168 4325; x_wconf 83' lang='lat'><strong>9</strong></span> 
     </span>
    </p>
   </div>
  </div>
 </body>
</html>
