3052 4823
1122 359 1183 400 T.
1221 357 1365 402 mvl
1399 299 1805 404 eurr—'cvris
2373 313 2381 324 ’
2453 336 2535 397 93

1173 541 1303 604 EX
1346 529 1520 637 ΠΒ.
1574 527 1753 636 CVI.
1838 610 1845 617 ,

399 713 574 778 Iulia
606 711 894 776 Caesaris
924 710 1100 787 filia,
1150 710 1649 798 Pompeiuxor,
1700 709 1971 773 decessit
1988 758 2008 786 ,
2053 709 2384 792 honosque
2406 708 2467 772 ei
2499 731 2537 772 a

253 895 260 902 .
301 849 307 854 -
363 893 370 901 ι
402 815 645 898 populo
674 813 937 885 habitus
968 823 1065 877 est
1093 823 1168 876 ut
1215 813 1287 875 in
1331 834 1559 895 campo
1590 811 1832 875 Martio
1862 811 2257 896 sepeliretur.
2310 811 2532 900 Gallo-

397 939 544 981 rum
575 916 837 999 aliquod
859 915 1084 997 populi
1098 907 1470 998 Ambiorige
1487 913 1679 993 duce,
1704 937 1852 998 rege
1864 915 2267 990 Eburonum,
2290 913 2535 976 defece-

336 1033 367 1082 5
397 1028 573 1082 runt.
614 1041 652 1080 a
675 1017 908 1101 quibus
936 1017 1131 1081 Cotta
1160 1018 1227 1081 et
1255 1017 1547 1098 Titurius
1578 1017 1777 1100 legati
1790 1015 2081 1081 Caesaris
2108 1011 2536 1078 circumuenti

402 1119 655 1208 insidiis
686 1140 834 1181 cum
866 1119 1152 1194 exercitu
1183 1120 1288 1182 cui
1317 1128 1655 1201 praeerant
1680 1119 1850 1192 caesi
1879 1127 2053 1182 sunt.
2105 1127 2169 1180 et
2200 1139 2349 1180 cum
2382 1118 2535 1182 alia»
2633 1155 2641 1160 ·

297 1281 306 1288 .
401 1244 546 1285 rum
578 1243 831 1304 quoque
866 1221 1197 1304 legionum
1225 1231 1434 1284 castra
1478 1232 1852 1305 oppugnata
1894 1209 2130 1304 magno
2171 1220 2387 1282 labore
2428 1222 2534 1283 de-

391 1323 582 1410 ·fensa
611 1333 879 1398 essent,
914 1322 1084 1386 inter
1129 1345 1290 1406 quae
1335 1320 1472 1385 eius
1514 1323 1629 1405 qui
1656 1313 1727 1387 in
1760 1323 2055 1386 Treueris
2084 1332 2408 1404 praeerat,
2447 1323 2631 1422 Q?

402 1424 768 1500 Ciceronis,
826 1426 905 1488 ab
947 1425 1086 1509 ipso
1116 1409 1406 1512 'Caesare
1445 1425 1664 1488 hostes
1688 1426 1951 1508 ‚proelio
2012 1424 2142 1530 fusj
2190 1419 2413 1508 sunus
2432 1426 2528 1486 M.
2670 1382 2781 1460 d*

307 1540 370 1589 10
402 1527 670 1590 Crassus
701 1527 949 1600 bellum
979 1527 1237 1598 Parthis
1266 1527 1590 1600 inlaturus
1634 1528 2015 1610 Euphraten
2044 1527 2289 1588 flumen
2328 1536 2536 1588 trans-

402 1628 516 1704 iit,
549 1614 1196 1718 uictusque'p‘roelim
1231 1630 1303 1692 in
1333 1652 1459 1713 quo
1491 1639 1557 1692 et
1583 1628 1758 1692 filius
1789 1629 1926 1696 eius
1959 1627 2225 1720 cecidit,
2260 1641 2409 1690 c'um
2439 1650 2536 1691 re-

406 1729 640 1813 liquias
685 1731 1001 1794 exercitus
1048 1731 1118 1793 in
1167 1731 1396 1795 collem
1438 1731 1819 1813 recepisset,
1882 1739 2187 1793 euocatus
2230 1729 2302 1792 in
2344 1730 2537 1818 collo·

303 1829 308 1834 ’
407 1832 632 1915 quium
694 1833 772 1894 ab
797 1831 804 1836 ’
834 1819 1141 1896 hostibus·
1187 1834 1368 1896 uelut
1411 1835 1490 1897 de
1534 1855 1691 1916 pace
1746 1831 2019 1908 acturis,
2077 1852 2352 1914 quorum
2403 1832 2539 1894 dux

409 1944 543 1996 erat
576 1935 887 2011 Surenas,
933 1935 1411 2016 conprehensus
1453 1944 1518 1998 et
1562 1957 1645 1998 ne
1675 1934 1832 2018 quid
1861 1920 2063 1997 uiuus
2086 1942 2412 2016 pateretur
2440 1955 2535 1995 re-

306 2047 374 2134 ο15
405 2057 702 2118 pugnans
732 2035 1104 2100 interfectus
1137 2027 1256 2100 est.
1278 2038 1326 2155 s
1819 2059 1859 2127 ἢ·
1940 2084 1956 2134 ¹.
2311 2079 2331 2088 ··
2423 2009 2451 2045 i
2525 2060 2602 2101 x
2682 2081 2793 2138 ,ω

1173 2271 1300 2334 EX
1347 2271 1541 2350 mn.-
1575 2271 1791 2337 CVII.

411 2443 485 2506 C.
523 2442 758 2511 Caesar
789 2440 1085 2505 Treueris
1114 2440 1186 2502 in
1230 2440 1449 2504 Gallia
1492 2440 1685 2504 uictis
1726 2441 1964 2504 iterum
2005 2439 2075 2502 in
2122 2441 2540 2511 Germaniam
2576 2488 2581 2492 -

347 2626 355 2633 .
408 2543 665 2615 transiit
686 2591 706 2619 ,
761 2543 1069 2626 nulloque
1111 2541 1204 2605 ibi
1252 2530 1438 2606 hoste
1478 2542 1745 2616 inuento
1788 2565 2083 2618 reuersus
2128 2542 2200 2605 in
2251 2544 2571 2607 Galliam'

411 2646 746 2729 Eburonas
799 2654 864 2707 et
908 2643 1064 2707 alias
1101 2644 1398 2708 ciuitates
1454 2628 1641 2729 quae·
1672 2646 2193 2728 conspirauerant
2248 2646 2409 2709 uicit
2476 2657 2542 2709 et

313 2757 379 2807 20
407 2747 847 2829 Ambiorigem
875 2745 948 2807 in
977 2745 1535 2831 fugapersecutus
1582 2757 1699 2810 est.
1782 2750 1859 2811 P.
1913 2748 2101 2811 Clodi
2135 2770 2172 2809 a
2202 2747 2282 2810 T.
2304 2736 2540 2833 ‘Annio

411 2848 660 2913 Milone
704 2847 1048 2913 candidato
1094 2850 1472 2911 consulatus
1502 2849 1719 2933 Appia
1748 2849 1859 2913 uia
1900 2851 1982 2913 ad
2013 2850 2304 2915 Bouillas
2349 2851 2543 2915 occisi

413 2971 642 3031 corpus
669 2951 848 3033 plebs
881 2948 952 3011 in
983 2949 1162 3012 curia
1190 2943 1520 3013 cremauit.
1573 2948 1721 3014 cum'
1752 2951 2096 3015 seditiones
2125 2951 2295 3014 inter
2323 2952 2541 3016 candi-

331 3102 336 3107 .
411 3051 594 3113 datos
617 3050 1012 3113 'consulatus
1073 3051 1454 3132 Hypsaeum
1513 3052 1884 3134 Scipionem
1942 3053 2260 3114 Milonem
2300 3052 2541 3129 essent,

411 3152 524 3234 qui
557 3136 750 3214 armis
798 3173 872 3213 ac
915 3152 985 3213 ui
1030 3152 1543 3235 contendebant,
1601 3153 1681 3214 ad
1726 3152 2212 3235 conprimendas
2260 3175 2366 3216 eas
2412 3155 2535 3217 Cn.
2632 3164 2641 3171 '

314 3242 378 3312 25
411 3252 758 3335 Pompeius
789 3258 828 3330 †
856 3253 1110 3335 legatus
1143 3262 1207 3314 et
1238 3274 1276 3314 a
1321 3262 1553 3315 senatu
1584 3254 1812 3317 consul
1844 3252 2031 3317 tertio
2062 3253 2271 3317 factus
2302 3264 2400 3317 est
2431 3255 2540 3317 ab·

414 3497 444 3545 2
464 3490 737 3547 ‘maximus
763 3494 815 3547 ei
838 3512 869 3546 r
895 3494 912 3564 ΙΙ
942 3498 971 3546 3
998 3494 1336 3565 sepelliretur
1372 3508 1424 3549 N
1445 3496 1462 3567 ΙΙ
1504 3500 1537 3549 4
1576 3496 1737 3551 multi
1782 3514 1813 3551 r
1852 3498 1870 3569 ΙΙ
1909 3514 2037 3567 rege
2069 3496 2177 3549 add
2205 3497 2543 3551 Gronouius:
2622 3534 2629 3542 .

421 3587 505 3621 om
526 3582 642 3632 Νςν
667 3570 684 3641 ss
712 3570 1040 3651 eburnorum
1051 3583 1136 3633 Νς
1162 3572 1178 3641 ss
1207 3578 1236 3624 5
1263 3572 1503 3627 Titurius
1531 3574 1783 3643 Siqonius
1802 3596 1821 3626 .·
1846 3575 2078 3645 tigorius
2101 3587 2163 3639 N,
2193 3576 2428 3651 tigurius
2450 3594 2543 3645 93,

412 3646 478 3703 T,
502 3646 907 3719 Aurunculeius
933 3664 964 3699 r
989 3648 1006 3717 ΙΙ
1033 3649 1245 3703 insidiis
1289 3650 1646 3707 circumuenti
1683 3671 1715 3704 r
1740 3654 1757 3721 ss
1786 3658 1831 3713 7,
1853 3653 2089 3705 maximo
2126 3670 2159 3705 r
2184 3652 2202 3722 ΙΙ
2230 3658 2259 3705 8
2297 3654 2545 3723 interque

414 3734 529 3786 Ngr
555 3725 572 3791 ΙΙ
593 3741 692 3803 *eos
736 3742 767 3776 r
793 3724 809 3793 ΙΙ
836 3724 1061 3793 treberis
1101 3737 1165 3781 N.
1193 3726 1430 3797 *Neruiis
1454 3728 1767 3781 Perizonius
1792 3732 1809 3799 ΙΙ
1836 3733 1867 3781 9
1894 3730 2168 3793 Ciceronis
2192 3731 2543 3783 Drakenbor-
2590 3728 2597 3735 '

415 3801 562 3852 chius
578 3821 596 3851 .·
633 3801 809 3869 cicero
843 3800 958 3863 ivs-r
984 3803 1002 3871 ΙΙ
1027 3802 1230 3870 praelio
1256 3816 1307 3856 N
1327 3803 1345 3872 ΙΙ
1377 3807 1438 3856 10
1458 3805 1694 3861 fluuium
1718 3826 1749 3859 r
1775 3808 1792 3875 ΙΙ
1818 3802 2014 3859 transit
2047 3820 2123 3871 Ν,
2167 3800 2423 3860 transiuit
2446 3827 2477 3861 r
2502 3810 2519 3878 ΙΙ

411 3882 481 3932 ’13
523 3887 587 3933 ut
623 3898 654 3931 r
678 3880 696 3949 11
733 3886 952 3932 acturus
985 3898 1017 3931 r
1043 3880 1059 3949 ss
1092 3883 1153 3932 15
1187 3882 1563 3951 interemptus*
1591 3890 1675 3936 est
1712 3892 1769 3937 et
1803 3885 1880 3937 ita
1913 3881 2076 3954 periit
2108 3902 2140 3955 vj
2164 3885 2181 3950 ἰΙ
2213 3888 2273 3937 17
2301 3885 2350 3937 1.
2378 3904 2409 3937 r
2435 3887 2547 3955 {1⁹18
2584 3948 2591 3955 .
2626 3948 2635 3955 ⁴
2736 3898 2743 3905 ‘

411 3960 609 4013 transit
631 3971 718 4021 Νς
739 3960 757 4029 ss
784 3958 1010 4011 inuento
1035 3958 1192 4017 hoste
1216 3977 1248 4010 r
1272 3961 1291 4029 ῙῙ
1316 3976 1566 4013 reuersus
1593 3963 1675 4014 est
1688 3974 1747 4013 Ν·
1758 3962 1867 4031 1149
1894 3961 2200 4021 euburonas
2224 3974 2304 4031 Ny
2330 3964 2349 4033 ΙΙ
2376 3967 2441 4016 20
2465 3982 2547 4017 re-

409 4053 540 4105 gem
565 4034 918 4104 ambiorigem
947 4052 1013 4096 ςν
1038 4034 1055 4104 ΙΙ
1083 4040 1165 4087 est
1190 4053 1273 4086 om
1297 4047 1362 4087 N.
1390 4036 1592 4088 frustra
1616 4044 1929 4105 persecutus
1955 4042 2038 4089 est
2067 4038 2328 4109 Dukerus
2354 4040 2371 4108 ΙΙ
2401 4042 2465 4092 23
2492 4048 2548 4093 et

277 4174 284 4181 ,
405 4114 663 4166 milonem
692 4131 756 4175 ςν
776 4114 799 4183 ΙΙ
827 4117 891 4165 25
917 4112 1168 4182 pompeio
1189 4114 1374 4182 legato
1398 4126 1518 4182 ng
1542 4115 1561 4185 ss
1588 4116 1647 4167 et'
1678 4112 1762 4168 o‘m
1799 4134 1829 4167 r
1867 4116 1884 4186 ss
1912 4114 2220 4187 ‘Pompeius
2265 4118 2547 4189 delegatus
2613 4106 2622 4115 ⁰

331 4200 338 4207 ‘
390 4188 522 4257 ,(ιιεῖ
538 4188 786 4259 rogatus)
814 4207 846 4242 a
870 4198 1062 4269 senatu
1089 4197 1144 4243 et
1173 4190 1476 4243 Gronom'us
1503 4192 1520 4260 Η
1613 4234 1621 4239 .
1658 4194 1663 4200 ”
2226 4194 2233 4200 “
