<?xml version="1.0" encoding="UTF-8"?>
<!DOCTYPE html PUBLIC "-//W3C//DTD XHTML 1.0 Transitional//EN"
    "http://www.w3.org/TR/xhtml1/DTD/xhtml1-transitional.dtd">
<html xmlns="http://www.w3.org/1999/xhtml" xml:lang="en" lang="en">
 <head>
  <title>
</title>
<meta http-equiv="Content-Type" content="text/html;charset=utf-8" />
  <meta name='ocr-system' content='tesseract 3.04.00' />
  <meta name='ocr-capabilities' content='ocr_page ocr_carea ocr_par ocr_line ocrx_word'/>
</head>
<body>
  <div class='ocr_page' id='page_1' title='image "./tliviaburbecond00jahngoog_0026.png"; bbox 0 0 3052 4823; ppageno 0'>
   <div class='ocr_carea' id='block_1_1' title="bbox 1285 289 2525 367">
    <p class='ocr_par' dir='ltr' id='par_1_1' title="bbox 1285 289 2525 367">
     <span class='ocr_line' id='line_1_1' title="bbox 1285 289 2525 367; baseline 0 -1"><span class='ocrx_word' id='word_1_1' title='bbox 1285 289 1631 367; x_wconf 54' lang='lat' dir='ltr'>nPIsTVIA.</span> <span class='ocrx_word' id='word_1_2' title='bbox 2370 311 2525 366; x_wconf 89' lang='lat' dir='ltr'><strong>XXI</strong></span> 
     </span>
    </p>
   </div>
   <div class='ocr_carea' id='block_1_2' title="bbox 335 506 2523 4196">
    <p class='ocr_par' dir='ltr' id='par_1_2' title="bbox 335 506 2523 1645">
     <span class='ocr_line' id='line_1_2' title="bbox 394 506 2523 592; baseline 0 -20"><span class='ocrx_word' id='word_1_3' title='bbox 394 531 529 572; x_wconf 90' lang='lat' dir='ltr'><strong>non</strong></span> <span class='ocrx_word' id='word_1_4' title='bbox 557 509 842 572; x_wconf 84' lang='lat' dir='ltr'><strong>multum</strong></span> <span class='ocrx_word' id='word_1_5' title='bbox 883 508 976 572; x_wconf 88' lang='lat' dir='ltr'><strong>ibi</strong></span> <span class='ocrx_word' id='word_1_6' title='bbox 1020 507 1158 592; x_wconf 87' lang='lat' dir='ltr'><strong>agri</strong></span> <span class='ocrx_word' id='word_1_7' title='bbox 1211 507 1459 592; x_wconf 85' lang='lat' dir='ltr'><strong>publici</strong></span> <span class='ocrx_word' id='word_1_8' title='bbox 1509 508 1917 584; x_wconf 82' lang='lat' dir='ltr'><strong>remansisse,</strong></span> <span class='ocrx_word' id='word_1_9' title='bbox 1974 507 2113 569; x_wconf 92' lang='lat' dir='ltr'><strong>ueri</strong></span> <span class='ocrx_word' id='word_1_10' title='bbox 2164 506 2375 572; x_wconf 88' lang='lat' dir='ltr'><strong>simile</strong></span> <span class='ocrx_word' id='word_1_11' title='bbox 2426 519 2523 572; x_wconf 87' lang='lat' dir='ltr'><strong>est</strong></span> 
     </span>
     <span class='ocr_line' id='line_1_3' title="bbox 335 613 2519 699; baseline 0 -21"><span class='ocrx_word' id='word_1_12' title='bbox 335 649 349 660; x_wconf 71' lang='lat'>=</span> <span class='ocrx_word' id='word_1_13' title='bbox 389 637 778 699; x_wconf 86' lang='lat' dir='ltr'><strong>quamquam</strong></span> <span class='ocrx_word' id='word_1_14' title='bbox 811 615 918 678; x_wconf 89' lang='lat' dir='ltr'><strong>uel</strong></span> <span class='ocrx_word' id='word_1_15' title='bbox 961 614 1218 678; x_wconf 88' lang='lat' dir='ltr'><strong>uiarum</strong></span> <span class='ocrx_word' id='word_1_16' title='bbox 1259 615 1669 698; x_wconf 86' lang='lat' dir='ltr'><strong>publicarum</strong></span> <span class='ocrx_word' id='word_1_17' title='bbox 1710 629 1907 678; x_wconf 80' lang='lat' dir='ltr'><strong>eausa</strong></span> <span class='ocrx_word' id='word_1_18' title='bbox 1947 613 2353 697; x_wconf 84' lang='lat' dir='ltr'><strong>aliquatenus</strong></span> <span class='ocrx_word' id='word_1_19' title='bbox 2395 637 2519 678; x_wconf 89' lang='lat' dir='ltr'><strong>ser-</strong></span> 
     </span>
     <span class='ocr_line' id='line_1_4' title="bbox 389 719 2517 805; baseline -0 -20"><span class='ocrx_word' id='word_1_20' title='bbox 389 722 532 785; x_wconf 89' lang='lat' dir='ltr'><strong>uari</strong></span> <span class='ocrx_word' id='word_1_21' title='bbox 561 721 805 788; x_wconf 81' lang='lat' dir='ltr'><strong>debuit.</strong></span> <span class='ocrx_word' id='word_1_22' title='bbox 857 721 1166 805; x_wconf 86' lang='lat' dir='ltr'><strong>explicari</strong></span> <span class='ocrx_word' id='word_1_23' title='bbox 1195 722 1327 784; x_wconf 88' lang='lat' dir='ltr'><strong>iam</strong></span> <span class='ocrx_word' id='word_1_24' title='bbox 1355 731 1569 804; x_wconf 85' lang='lat' dir='ltr'><strong>potest</strong></span> <span class='ocrx_word' id='word_1_25' title='bbox 1587 768 1608 797; x_wconf 92' lang='lat'>,</span> <span class='ocrx_word' id='word_1_26' title='bbox 1654 743 1769 784; x_wconf 87' lang='lat' dir='ltr'><strong>cur</strong></span> <span class='ocrx_word' id='word_1_27' title='bbox 1798 732 1931 783; x_wconf 86' lang='lat' dir='ltr'><strong>tam</strong></span> <span class='ocrx_word' id='word_1_28' title='bbox 1960 741 2167 803; x_wconf 85' lang='lat' dir='ltr'><strong>pauca</strong></span> <span class='ocrx_word' id='word_1_29' title='bbox 2194 719 2345 783; x_wconf 90' lang='lat' dir='ltr'><strong>inde</strong></span> <span class='ocrx_word' id='word_1_30' title='bbox 2374 742 2517 804; x_wconf 89' lang='lat' dir='ltr'><strong>pro-</strong></span> 
     </span>
     <span class='ocr_line' id='line_1_5' title="bbox 389 814 2519 911; baseline -0.001 -21"><span class='ocrx_word' id='word_1_31' title='bbox 389 814 574 911; x_wconf 78' lang='lat' dir='ltr'><strong>digia&#39;</strong></span> <span class='ocrx_word' id='word_1_32' title='bbox 607 827 910 891; x_wconf 88' lang='lat' dir='ltr'><strong>nuntiata</strong></span> <span class='ocrx_word' id='word_1_33' title='bbox 947 827 1080 891; x_wconf 89' lang='lat' dir='ltr'><strong>sint</strong></span> <span class='ocrx_word' id='word_1_34' title='bbox 1094 877 1115 905; x_wconf 99' lang='lat'>,</span> <span class='ocrx_word' id='word_1_35' title='bbox 1166 850 1316 892; x_wconf 86' lang='lat' dir='ltr'><strong>cum</strong></span> <span class='ocrx_word' id='word_1_36' title='bbox 1368 838 1586 891; x_wconf 88' lang='lat' dir='ltr'><strong>tamen</strong></span> <span class='ocrx_word' id='word_1_37' title='bbox 1630 825 1899 891; x_wconf 83' lang='lat' dir='ltr'><strong>maximi</strong></span> <span class='ocrx_word' id='word_1_38' title='bbox 1940 825 2255 890; x_wconf 87' lang='lat' dir='ltr'><strong>momenti</strong></span> <span class='ocrx_word' id='word_1_39' title='bbox 2307 838 2519 890; x_wconf 85' lang='lat' dir='ltr'><strong>essent</strong></span> 
     </span>
     <span class='ocr_line' id='line_1_6' title="bbox 387 931 2518 1017; baseline -0.001 -21"><span class='ocrx_word' id='word_1_40' title='bbox 387 955 734 1016; x_wconf 91' lang='lat' dir='ltr'><strong>eorumque</strong></span> <span class='ocrx_word' id='word_1_41' title='bbox 775 933 1292 1017; x_wconf 83' lang='lat' dir='ltr'><strong>frequentissima</strong></span> <span class='ocrx_word' id='word_1_42' title='bbox 1321 933 1569 997; x_wconf 88' lang='lat' dir='ltr'><strong>mentio</strong></span> <span class='ocrx_word' id='word_1_43' title='bbox 1609 936 1811 997; x_wconf 87' lang='lat' dir='ltr'><strong>fieret.</strong></span> <span class='ocrx_word' id='word_1_44' title='bbox 1862 954 1943 996; x_wconf 84' lang='lat' dir='ltr'><strong>ex</strong></span> <span class='ocrx_word' id='word_1_45' title='bbox 1970 931 2063 995; x_wconf 86' lang='lat' dir='ltr'><strong>eis</strong></span> <span class='ocrx_word' id='word_1_46' title='bbox 2104 931 2345 1015; x_wconf 80' lang='lat' dir='ltr'><strong>uiginti</strong></span> <span class='ocrx_word' id='word_1_47' title='bbox 2390 942 2518 994; x_wconf 87' lang='lat' dir='ltr'><strong>tres</strong></span> 
     </span>
     <span class='ocr_line' id='line_1_7' title="bbox 393 1037 2516 1122; baseline -0.001 -20"><span class='ocrx_word' id='word_1_48' title='bbox 393 1075 470 1086; x_wconf 91' lang='lat'><strong>-·</strong></span> <span class='ocrx_word' id='word_1_49' title='bbox 508 1038 735 1122; x_wconf 82' lang='lat' dir='ltr'>Signia</span> <span class='ocrx_word' id='word_1_50' title='bbox 772 1039 994 1103; x_wconf 89' lang='lat' dir='ltr'><strong>Norba</strong></span> <span class='ocrx_word' id='word_1_51' title='bbox 1024 1040 1232 1105; x_wconf 83' lang='lat' dir='ltr'><strong>Circei</strong></span> <span class='ocrx_word' id='word_1_52' title='bbox 1267 1041 1429 1104; x_wconf 90' lang='lat' dir='ltr'><strong>Sora</strong></span> <span class='ocrx_word' id='word_1_53' title='bbox 1460 1042 1836 1103; x_wconf 82' lang='lat' dir='ltr'><strong>Interamna</strong></span> <span class='ocrx_word' id='word_1_54' title='bbox 1865 1041 1946 1102; x_wconf 90' lang='lat' dir='ltr'><strong>ad</strong></span> <span class='ocrx_word' id='word_1_55' title='bbox 1976 1038 2183 1102; x_wconf 88' lang='lat' dir='ltr'><strong>Lirim</strong></span> <span class='ocrx_word' id='word_1_56' title='bbox 2214 1038 2362 1115; x_wconf 90' lang='lat' dir='ltr'><strong>sita,</strong></span> <span class='ocrx_word' id='word_1_57' title='bbox 2401 1037 2516 1101; x_wconf 87' lang='lat' dir='ltr'><strong>Sa—</strong></span> 
     </span>
     <span class='ocr_line' id='line_1_8' title="bbox 387 1142 2520 1210; baseline -0 -2"><span class='ocrx_word' id='word_1_58' title='bbox 387 1143 589 1208; x_wconf 86' lang='lat' dir='ltr'><strong>ticula</strong></span> <span class='ocrx_word' id='word_1_59' title='bbox 633 1142 908 1208; x_wconf 88' lang='lat' dir='ltr'><strong>Pontiae</strong></span> <span class='ocrx_word' id='word_1_60' title='bbox 964 1145 1132 1208; x_wconf 85' lang='lat' dir='ltr'><strong>Cosa</strong></span> <span class='ocrx_word' id='word_1_61' title='bbox 1199 1147 1505 1209; x_wconf 87' lang='lat' dir='ltr'><strong>Paestum</strong></span> <span class='ocrx_word' id='word_1_62' title='bbox 1554 1150 2007 1210; x_wconf 79' lang='lat' dir='ltr'><strong>Beneuentum</strong></span> <span class='ocrx_word' id='word_1_63' title='bbox 2044 1144 2353 1208; x_wconf 86' lang='lat' dir='ltr'><strong>Aesernia</strong></span> <span class='ocrx_word' id='word_1_64' title='bbox 2398 1146 2520 1209; x_wconf 88' lang='lat' dir='ltr'><strong>Co·</strong></span> 
     </span>
     <span class='ocr_line' id='line_1_9' title="bbox 384 1250 2518 1333; baseline 0.001 -22"><span class='ocrx_word' id='word_1_65' title='bbox 384 1250 495 1333; x_wconf 88' lang='lat' dir='ltr'><strong>pia</strong></span> <span class='ocrx_word' id='word_1_66' title='bbox 537 1251 840 1315; x_wconf 86' lang='lat' dir='ltr'><strong>Valentia</strong></span> <span class='ocrx_word' id='word_1_67' title='bbox 883 1251 1305 1315; x_wconf 82' lang='lat' dir='ltr'><strong>Brundisium</strong></span> <span class='ocrx_word' id='word_1_68' title='bbox 1357 1251 1648 1317; x_wconf 85' lang='lat' dir='ltr'><strong>Venusia</strong></span> <span class='ocrx_word' id='word_1_69' title='bbox 1691 1251 1965 1315; x_wconf 90' lang='lat' dir='ltr'><strong>Luceria</strong></span> <span class='ocrx_word' id='word_1_70' title='bbox 2018 1251 2310 1314; x_wconf 86' lang='lat' dir='ltr'><strong>Firmum</strong></span> <span class='ocrx_word' id='word_1_71' title='bbox 2369 1251 2518 1314; x_wconf 89' lang='lat' dir='ltr'><strong>Cre-</strong></span> 
     </span>
     <span class='ocr_line' id='line_1_10' title="bbox 381 1357 2518 1441; baseline 0 -23"><span class='ocrx_word' id='word_1_72' title='bbox 381 1378 578 1419; x_wconf 85' lang='lat' dir='ltr'><strong>mona</strong></span> <span class='ocrx_word' id='word_1_73' title='bbox 624 1357 962 1420; x_wconf 84' lang='lat' dir='ltr'><strong>Placentia</strong></span> <span class='ocrx_word' id='word_1_74' title='bbox 1007 1358 1310 1441; x_wconf 88' lang='lat' dir='ltr'><strong>Aquileia</strong></span> <span class='ocrx_word' id='word_1_75' title='bbox 1352 1357 1603 1421; x_wconf 89' lang='lat' dir='ltr'><strong>Naruia</strong></span> <span class='ocrx_word' id='word_1_76' title='bbox 1634 1357 1963 1420; x_wconf 87' lang='lat' dir='ltr'><strong>Sutricum</strong></span> <span class='ocrx_word' id='word_1_77' title='bbox 1992 1357 2207 1439; x_wconf 88' lang='lat' dir='ltr'><strong>Nepet</strong></span> <span class='ocrx_word' id='word_1_78' title='bbox 2241 1392 2320 1402; x_wconf 90' lang='lat'>—</span> <span class='ocrx_word' id='word_1_79' title='bbox 2364 1376 2518 1418; x_wconf 88' lang='lat' dir='ltr'><strong>nus-</strong></span> 
     </span>
     <span class='ocr_line' id='line_1_11' title="bbox 381 1463 2519 1545; baseline -0.001 -21"><span class='ocrx_word' id='word_1_80' title='bbox 381 1484 578 1544; x_wconf 87' lang='lat' dir='ltr'><strong>quam</strong></span> <span class='ocrx_word' id='word_1_81' title='bbox 609 1465 781 1545; x_wconf 89' lang='lat' dir='ltr'><strong>quod</strong></span> <span class='ocrx_word' id='word_1_82' title='bbox 810 1463 1006 1526; x_wconf 87' lang='lat' dir='ltr'><strong>sciam</strong></span> <span class='ocrx_word' id='word_1_83' title='bbox 1035 1463 1106 1524; x_wconf 88' lang='lat' dir='ltr'><strong>in</strong></span> <span class='ocrx_word' id='word_1_84' title='bbox 1135 1463 1257 1525; x_wconf 87' lang='lat' dir='ltr'><strong>hae</strong></span> <span class='ocrx_word' id='word_1_85' title='bbox 1302 1486 1368 1526; x_wconf 91' lang='lat' dir='ltr'><strong>re</strong></span> <span class='ocrx_word' id='word_1_86' title='bbox 1399 1473 2017 1537; x_wconf 58' lang='lat' dir='ltr'><strong>commemorantum</strong></span> <span class='ocrx_word' id='word_1_87' title='bbox 2054 1482 2327 1544; x_wconf 89' lang='lat' dir='ltr'><strong>quarum</strong></span> <span class='ocrx_word' id='word_1_88' title='bbox 2365 1482 2519 1523; x_wconf 93' lang='lat' dir='ltr'><strong>uero</strong></span> 
     </span>
     <span class='ocr_line' id='line_1_12' title="bbox 379 1567 1107 1645; baseline 0.001 -15"><span class='ocrx_word' id='word_1_89' title='bbox 379 1567 624 1631; x_wconf 87' lang='lat' dir='ltr'><strong>mentio</strong></span> <span class='ocrx_word' id='word_1_90' title='bbox 652 1571 763 1645; x_wconf 89' lang='lat' dir='ltr'><strong>fit,</strong></span> <span class='ocrx_word' id='word_1_91' title='bbox 800 1569 921 1631; x_wconf 89' lang='lat' dir='ltr'><strong>hae</strong></span> <span class='ocrx_word' id='word_1_92' title='bbox 951 1578 1107 1631; x_wconf 88' lang='lat' dir='ltr'><strong>sunt</strong></span> 
     </span>
    </p>

    <p class='ocr_par' dir='ltr' id='par_1_3' title="bbox 639 1673 1418 1751">
     <span class='ocr_line' id='line_1_13' title="bbox 639 1673 1418 1751; baseline -0.003 -14"><span class='ocrx_word' id='word_1_93' title='bbox 639 1674 808 1737; x_wconf 90' lang='lat' dir='ltr'><strong>Alba</strong></span> <span class='ocrx_word' id='word_1_94' title='bbox 838 1673 986 1736; x_wconf 92' lang='lat' dir='ltr'><strong>Liu.</strong></span> <span class='ocrx_word' id='word_1_95' title='bbox 1023 1695 1276 1751; x_wconf 78' lang='lat' dir='ltr'>XXVIII,</span> <span class='ocrx_word' id='word_1_96' title='bbox 1320 1681 1418 1736; x_wconf 93' lang='lat'><strong>11.</strong></span> 
     </span>
    </p>

    <p class='ocr_par' dir='ltr' id='par_1_4' title="bbox 639 1773 1993 1864">
     <span class='ocr_line' id='line_1_14' title="bbox 639 1773 1993 1864; baseline 0.001 -22"><span class='ocrx_word' id='word_1_97' title='bbox 639 1780 855 1843; x_wconf 89' lang='lat' dir='ltr'><strong>Ardea</strong></span> <span class='ocrx_word' id='word_1_98' title='bbox 884 1780 1033 1843; x_wconf 90' lang='lat' dir='ltr'><strong>Liu.</strong></span> <span class='ocrx_word' id='word_1_99' title='bbox 1069 1799 1298 1858; x_wconf 87' lang='lat' dir='ltr'>XXXII,</span> <span class='ocrx_word' id='word_1_100' title='bbox 1333 1781 1394 1844; x_wconf 79' lang='lat'><strong>9.</strong></span> <span class='ocrx_word' id='word_1_101' title='bbox 1448 1782 1606 1845; x_wconf 82' lang='lat' dir='ltr'><strong>obs.</strong></span> <span class='ocrx_word' id='word_1_102' title='bbox 1641 1803 1707 1864; x_wconf 87' lang='lat' dir='ltr'><strong>p.</strong></span> <span class='ocrx_word' id='word_1_103' title='bbox 1751 1773 1907 1856; x_wconf 64' lang='lat'><strong>120,</strong></span> <span class='ocrx_word' id='word_1_104' title='bbox 1934 1785 1993 1843; x_wconf 90' lang='lat'><strong>2.</strong></span> 
     </span>
    </p>

    <p class='ocr_par' dir='ltr' id='par_1_5' title="bbox 637 1885 2509 2069">
     <span class='ocr_line' id='line_1_15' title="bbox 637 1885 2509 1971; baseline 0 -23"><span class='ocrx_word' id='word_1_105' title='bbox 637 1885 1008 1949; x_wconf 89' lang='lat' dir='ltr'><strong>Ariminum</strong></span> <span class='ocrx_word' id='word_1_106' title='bbox 1039 1887 1186 1950; x_wconf 87' lang='lat' dir='ltr'><strong>Liu.</strong></span> <span class='ocrx_word' id='word_1_107' title='bbox 1223 1907 1513 1964; x_wconf 85' lang='lat' dir='ltr'>XXXIIII,</span> <span class='ocrx_word' id='word_1_108' title='bbox 1551 1895 1654 1951; x_wconf 86' lang='lat'><strong>45.</strong></span> <span class='ocrx_word' id='word_1_109' title='bbox 1705 1889 1878 1971; x_wconf 88' lang='lat' dir='ltr'><strong>apud</strong></span> <span class='ocrx_word' id='word_1_110' title='bbox 1922 1889 2404 1970; x_wconf 86' lang='lat' dir='ltr'><strong>Obsequentem</strong></span> <span class='ocrx_word' id='word_1_111' title='bbox 2444 1909 2509 1970; x_wconf 89' lang='lat' dir='ltr'><strong>p.</strong></span> 
     </span>
     <span class='ocr_line' id='line_1_16' title="bbox 804 1992 2120 2069; baseline 0.002 -16"><span class='ocrx_word' id='word_1_112' title='bbox 804 1999 945 2069; x_wconf 83' lang='lat'><strong>125,</strong></span> <span class='ocrx_word' id='word_1_113' title='bbox 986 1999 1020 2055; x_wconf 91' lang='lat'><strong>3</strong></span> <span class='ocrx_word' id='word_1_114' title='bbox 1066 1992 1372 2057; x_wconf 80' lang='lat' dir='ltr'><strong>Ameriae</strong></span> <span class='ocrx_word' id='word_1_115' title='bbox 1403 1994 1813 2058; x_wconf 82' lang='lat' dir='ltr'><strong>scribendum</strong></span> <span class='ocrx_word' id='word_1_116' title='bbox 1844 1993 2120 2058; x_wconf 86' lang='lat' dir='ltr'><strong>uidetur.</strong></span> 
     </span>
    </p>

    <p class='ocr_par' dir='ltr' id='par_1_6' title="bbox 640 2098 1510 2183">
     <span class='ocr_line' id='line_1_17' title="bbox 640 2098 1510 2183; baseline 0.003 -23"><span class='ocrx_word' id='word_1_117' title='bbox 640 2098 936 2161; x_wconf 88' lang='lat' dir='ltr'><strong>Bononia</strong></span> <span class='ocrx_word' id='word_1_118' title='bbox 966 2100 1122 2163; x_wconf 86' lang='lat' dir='ltr'><strong>Obs.</strong></span> <span class='ocrx_word' id='word_1_119' title='bbox 1157 2121 1224 2183; x_wconf 88' lang='lat' dir='ltr'><strong>p.</strong></span> <span class='ocrx_word' id='word_1_120' title='bbox 1265 2107 1410 2177; x_wconf 89' lang='grc'>119,</span> <span class='ocrx_word' id='word_1_121' title='bbox 1451 2109 1510 2163; x_wconf 88' lang='grc'><strong>7.</strong></span> 
     </span>
    </p>

    <p class='ocr_par' dir='ltr' id='par_1_7' title="bbox 638 2204 1424 2282">
     <span class='ocr_line' id='line_1_18' title="bbox 638 2204 1424 2282; baseline 0.001 -15"><span class='ocrx_word' id='word_1_122' title='bbox 638 2204 826 2268; x_wconf 87' lang='lat' dir='ltr'><strong>Cales</strong></span> <span class='ocrx_word' id='word_1_123' title='bbox 860 2204 1008 2268; x_wconf 91' lang='lat' dir='ltr'><strong>Liu.</strong></span> <span class='ocrx_word' id='word_1_124' title='bbox 1049 2226 1279 2282; x_wconf 83' lang='lat' dir='ltr'>XXIIII,</span> <span class='ocrx_word' id='word_1_125' title='bbox 1325 2214 1424 2268; x_wconf 90' lang='lat'><strong>10.</strong></span> 
     </span>
    </p>

    <p class='ocr_par' dir='ltr' id='par_1_8' title="bbox 591 2311 1531 2395">
     <span class='ocr_line' id='line_1_19' title="bbox 591 2311 1531 2395; baseline 0 -21"><span class='ocrx_word' id='word_1_126' title='bbox 591 2359 601 2364; x_wconf 90' lang='lat'>-</span> <span class='ocrx_word' id='word_1_127' title='bbox 638 2311 911 2374; x_wconf 87' lang='lat' dir='ltr'><strong>Carsioli</strong></span> <span class='ocrx_word' id='word_1_128' title='bbox 940 2313 1098 2376; x_wconf 86' lang='lat' dir='ltr'><strong>obs.</strong></span> <span class='ocrx_word' id='word_1_129' title='bbox 1136 2334 1199 2395; x_wconf 89' lang='lat' dir='ltr'><strong>p.</strong></span> <span class='ocrx_word' id='word_1_130' title='bbox 1244 2317 1388 2388; x_wconf 88' lang='lat'><strong>128,</strong></span> <span class='ocrx_word' id='word_1_131' title='bbox 1427 2318 1531 2374; x_wconf 88' lang='lat'><strong>24.</strong></span> 
     </span>
    </p>

    <p class='ocr_par' dir='ltr' id='par_1_9' title="bbox 637 2417 2517 2826">
     <span class='ocr_line' id='line_1_20' title="bbox 637 2417 2517 2503; baseline 0.003 -25"><span class='ocrx_word' id='word_1_132' title='bbox 637 2418 964 2501; x_wconf 86' lang='lat' dir='ltr'><strong>Fregellae</strong></span> <span class='ocrx_word' id='word_1_133' title='bbox 994 2417 1141 2480; x_wconf 90' lang='lat' dir='ltr'><strong>Liu.</strong></span> <span class='ocrx_word' id='word_1_134' title='bbox 1177 2438 1382 2494; x_wconf 89' lang='lat' dir='ltr'>XXVI,</span> <span class='ocrx_word' id='word_1_135' title='bbox 1422 2424 1526 2479; x_wconf 89' lang='lat'><strong>23.</strong></span> <span class='ocrx_word' id='word_1_136' title='bbox 1574 2439 1843 2495; x_wconf 79' lang='lat' dir='ltr'>XXVIII,</span> <span class='ocrx_word' id='word_1_137' title='bbox 1897 2427 1997 2482; x_wconf 88' lang='lat'><strong>11.</strong></span> <span class='ocrx_word' id='word_1_138' title='bbox 2048 2422 2221 2503; x_wconf 88' lang='lat' dir='ltr'><strong>apud</strong></span> <span class='ocrx_word' id='word_1_139' title='bbox 2248 2419 2517 2484; x_wconf 92' lang='lat' dir='ltr'><strong>Liuium</strong></span> 
     </span>
     <span class='ocr_line' id='line_1_21' title="bbox 795 2523 2513 2608; baseline 0.002 -23"><span class='ocrx_word' id='word_1_140' title='bbox 795 2542 1022 2600; x_wconf 89' lang='lat' dir='ltr'>XXXII,</span> <span class='ocrx_word' id='word_1_141' title='bbox 1063 2527 1138 2584; x_wconf 88' lang='grc'><strong>29</strong></span> <span class='ocrx_word' id='word_1_142' title='bbox 1174 2544 1210 2585; x_wconf 93' lang='lat' dir='ltr'><strong>e</strong></span> <span class='ocrx_word' id='word_1_143' title='bbox 1237 2523 1701 2607; x_wconf 86' lang='lat' dir='ltr'><strong>Bambergensi</strong></span> <span class='ocrx_word' id='word_1_144' title='bbox 1731 2526 2063 2608; x_wconf 72' lang='lat' dir='ltr'><strong>Freqenae</strong></span> <span class='ocrx_word' id='word_1_145' title='bbox 2104 2525 2360 2592; x_wconf 87' lang='lat' dir='ltr'><strong>restitui</strong></span> <span class='ocrx_word' id='word_1_146' title='bbox 2406 2528 2513 2589; x_wconf 93' lang='lat' dir='ltr'><strong>de-</strong></span> 
     </span>
     <span class='ocr_line' id='line_1_22' title="bbox 793 2629 2514 2715; baseline 0.003 -24"><span class='ocrx_word' id='word_1_147' title='bbox 793 2630 938 2705; x_wconf 84' lang='lat' dir='ltr'><strong>bet3</strong></span> <span class='ocrx_word' id='word_1_148' title='bbox 998 2629 1430 2712; x_wconf 86' lang='lat' dir='ltr'><strong>Obsequentis</strong></span> <span class='ocrx_word' id='word_1_149' title='bbox 1485 2630 1667 2693; x_wconf 86' lang='lat' dir='ltr'><strong>locus</strong></span> <span class='ocrx_word' id='word_1_150' title='bbox 1721 2653 1787 2715; x_wconf 91' lang='lat' dir='ltr'><strong>p.</strong></span> <span class='ocrx_word' id='word_1_151' title='bbox 1844 2635 2002 2707; x_wconf 87' lang='lat'><strong>128,</strong></span> <span class='ocrx_word' id='word_1_152' title='bbox 2058 2637 2129 2693; x_wconf 85' lang='lat'><strong>19</strong></span> <span class='ocrx_word' id='word_1_153' title='bbox 2193 2631 2321 2695; x_wconf 85' lang='lat' dir='ltr'><strong>hue</strong></span> <span class='ocrx_word' id='word_1_154' title='bbox 2380 2654 2514 2696; x_wconf 90' lang='lat' dir='ltr'><strong>non</strong></span> 
     </span>
     <span class='ocr_line' id='line_1_23' title="bbox 790 2735 2508 2826; baseline 0.001 -27"><span class='ocrx_word' id='word_1_155' title='bbox 790 2735 1070 2820; x_wconf 88' lang='lat' dir='ltr'><strong>pertinet</strong></span> <span class='ocrx_word' id='word_1_156' title='bbox 1087 2785 1108 2813; x_wconf 99' lang='lat'>,</span> <span class='ocrx_word' id='word_1_157' title='bbox 1171 2736 1323 2819; x_wconf 89' lang='lat' dir='ltr'><strong>quia</strong></span> <span class='ocrx_word' id='word_1_158' title='bbox 1376 2738 1455 2801; x_wconf 91' lang='lat' dir='ltr'><strong>de</strong></span> <span class='ocrx_word' id='word_1_159' title='bbox 1505 2736 1799 2826; x_wconf 84' lang='lat' dir='ltr'><strong>prodigio</strong></span> <span class='ocrx_word' id='word_1_160' title='bbox 1844 2737 2001 2801; x_wconf 89' lang='lat' dir='ltr'><strong>anni</strong></span> <span class='ocrx_word' id='word_1_161' title='bbox 2040 2758 2212 2802; x_wconf 80' lang='lat' dir='ltr'><strong>1)ch</strong></span> <span class='ocrx_word' id='word_1_162' title='bbox 2268 2748 2508 2815; x_wconf 86' lang='lat' dir='ltr'><strong>narrat,</strong></span> 
     </span>
    </p>

    <p class='ocr_par' dir='ltr' id='par_1_10' title="bbox 635 2845 2514 3243">
     <span class='ocr_line' id='line_1_24' title="bbox 735 2845 2207 2933; baseline 0.001 -28"><span class='ocrx_word' id='word_1_163' title='bbox 735 2912 741 2919; x_wconf 53' lang='lat'>‚</span> <span class='ocrx_word' id='word_1_164' title='bbox 795 2864 946 2917; x_wconf 83' lang='lat' dir='ltr'><strong>eum</strong></span> <span class='ocrx_word' id='word_1_165' title='bbox 975 2845 1302 2927; x_wconf 85' lang='lat' dir='ltr'><strong>Fregellae</strong></span> <span class='ocrx_word' id='word_1_166' title='bbox 1331 2868 1391 2909; x_wconf 88' lang='lat' dir='ltr'><strong>a.</strong></span> <span class='ocrx_word' id='word_1_167' title='bbox 1429 2863 1763 2909; x_wconf 85' lang='lat' dir='ltr'>DcXXVIIII</span> <span class='ocrx_word' id='word_1_168' title='bbox 1796 2854 2021 2928; x_wconf 79' lang='lat' dir='ltr'><strong>captae</strong></span> <span class='ocrx_word' id='word_1_169' title='bbox 2054 2845 2207 2933; x_wconf 83' lang='lat' dir='ltr'><strong>sint.</strong></span> 
     </span>
     <span class='ocr_line' id='line_1_25' title="bbox 635 2947 2512 3033; baseline 0.002 -20"><span class='ocrx_word' id='word_1_170' title='bbox 635 2947 886 3013; x_wconf 87' lang='lat' dir='ltr'><strong>Hadria</strong></span> <span class='ocrx_word' id='word_1_171' title='bbox 915 2949 1063 3013; x_wconf 92' lang='lat' dir='ltr'><strong>Liu.</strong></span> <span class='ocrx_word' id='word_1_172' title='bbox 1101 2970 1364 3013; x_wconf 86' lang='lat' dir='ltr'>XXXIIII</span> <span class='ocrx_word' id='word_1_173' title='bbox 1384 2999 1405 3025; x_wconf 93' lang='lat'>,</span> <span class='ocrx_word' id='word_1_174' title='bbox 1442 2958 1549 3013; x_wconf 80' lang='lat'><strong>45.</strong></span> <span class='ocrx_word' id='word_1_175' title='bbox 1598 2953 1676 3014; x_wconf 89' lang='lat' dir='ltr'><strong>de</strong></span> <span class='ocrx_word' id='word_1_176' title='bbox 1706 2952 1849 3014; x_wconf 86' lang='lat' dir='ltr'><strong>loco</strong></span> <span class='ocrx_word' id='word_1_177' title='bbox 1878 2950 1992 3033; x_wconf 86' lang='lat' dir='ltr'><strong>qui</strong></span> <span class='ocrx_word' id='word_1_178' title='bbox 2020 2970 2271 3027; x_wconf 83' lang='lat' dir='ltr'>XXIIII,</span> <span class='ocrx_word' id='word_1_179' title='bbox 2314 2960 2389 3015; x_wconf 89' lang='grc'><strong>10</strong></span> <span class='ocrx_word' id='word_1_180' title='bbox 2421 2954 2512 3017; x_wconf 91' lang='lat' dir='ltr'><strong>le-</strong></span> 
     </span>
     <span class='ocr_line' id='line_1_26' title="bbox 733 3054 2514 3138; baseline 0.003 -22"><span class='ocrx_word' id='word_1_181' title='bbox 733 3054 967 3136; x_wconf 48' lang='lat' dir='ltr'><strong>aegitur</strong></span> <span class='ocrx_word' id='word_1_182' title='bbox 1006 3078 1068 3138; x_wconf 93' lang='lat' dir='ltr'><strong>p.</strong></span> <span class='ocrx_word' id='word_1_183' title='bbox 1121 3076 1304 3119; x_wconf 87' lang='lat' dir='ltr'>XVIII</span> <span class='ocrx_word' id='word_1_184' title='bbox 1351 3056 1598 3118; x_wconf 85' lang='lat' dir='ltr'><strong>dietum</strong></span> <span class='ocrx_word' id='word_1_185' title='bbox 1643 3066 1761 3119; x_wconf 89' lang='lat' dir='ltr'><strong>est.</strong></span> <span class='ocrx_word' id='word_1_186' title='bbox 1829 3057 2095 3121; x_wconf 85' lang='lat' dir='ltr'><strong>fortasse</strong></span> <span class='ocrx_word' id='word_1_187' title='bbox 2139 3058 2391 3120; x_wconf 86' lang='lat' dir='ltr'><strong>Hadria</strong></span> <span class='ocrx_word' id='word_1_188' title='bbox 2433 3062 2514 3121; x_wconf 89' lang='lat' dir='ltr'><strong>ad</strong></span> 
     </span>
     <span class='ocr_line' id='line_1_27' title="bbox 798 3160 1823 3243; baseline 0 -20"><span class='ocrx_word' id='word_1_189' title='bbox 798 3161 1054 3223; x_wconf 89' lang='lat' dir='ltr'><strong>Padum</strong></span> <span class='ocrx_word' id='word_1_190' title='bbox 1085 3160 1209 3224; x_wconf 88' lang='lat' dir='ltr'><strong>sita</strong></span> <span class='ocrx_word' id='word_1_191' title='bbox 1237 3160 1673 3243; x_wconf 87' lang='lat' dir='ltr'><strong>intellegenda</strong></span> <span class='ocrx_word' id='word_1_192' title='bbox 1702 3171 1823 3223; x_wconf 89' lang='lat' dir='ltr'><strong>est.</strong></span> 
     </span>
    </p>

    <p class='ocr_par' dir='ltr' id='par_1_11' title="bbox 643 3262 2515 3458">
     <span class='ocr_line' id='line_1_28' title="bbox 643 3262 2515 3352; baseline 0.005 -27"><span class='ocrx_word' id='word_1_193' title='bbox 643 3262 846 3347; x_wconf 89' lang='lat' dir='ltr'><strong>[Setia</strong></span> <span class='ocrx_word' id='word_1_194' title='bbox 877 3267 1049 3348; x_wconf 86' lang='lat' dir='ltr'><strong>apud</strong></span> <span class='ocrx_word' id='word_1_195' title='bbox 1077 3264 1342 3330; x_wconf 87' lang='lat' dir='ltr'><strong>Liuium</strong></span> <span class='ocrx_word' id='word_1_196' title='bbox 1373 3286 1635 3330; x_wconf 84' lang='lat' dir='ltr'>XXVIIII</span> <span class='ocrx_word' id='word_1_197' title='bbox 1650 3315 1670 3344; x_wconf 93' lang='lat'>,</span> <span class='ocrx_word' id='word_1_198' title='bbox 1713 3274 1789 3329; x_wconf 84' lang='lat'><strong>14</strong></span> <span class='ocrx_word' id='word_1_199' title='bbox 1822 3289 1857 3330; x_wconf 91' lang='lat' dir='ltr'><strong>e</strong></span> <span class='ocrx_word' id='word_1_200' title='bbox 1887 3266 2255 3331; x_wconf 84' lang='lat' dir='ltr'><strong>coniectura</strong></span> <span class='ocrx_word' id='word_1_201' title='bbox 2282 3291 2515 3352; x_wconf 89' lang='lat' dir='ltr'><strong>parum</strong></span> 
     </span>
     <span class='ocr_line' id='line_1_29' title="bbox 795 3370 1438 3458; baseline 0 -24"><span class='ocrx_word' id='word_1_202' title='bbox 795 3370 1110 3453; x_wconf 88' lang='lat' dir='ltr'><strong>probabili</strong></span> <span class='ocrx_word' id='word_1_203' title='bbox 1146 3372 1438 3458; x_wconf 63' lang='lat' dir='ltr'><strong>legitur]</strong></span> 
     </span>
    </p>

    <p class='ocr_par' dir='ltr' id='par_1_12' title="bbox 639 3473 2514 3867">
     <span class='ocr_line' id='line_1_30' title="bbox 639 3473 2513 3563; baseline 0.005 -27"><span class='ocrx_word' id='word_1_204' title='bbox 639 3473 1000 3555; x_wconf 87' lang='lat' dir='ltr'><strong>Spoletium</strong></span> <span class='ocrx_word' id='word_1_205' title='bbox 1045 3478 1203 3542; x_wconf 87' lang='lat' dir='ltr'><strong>obs.</strong></span> <span class='ocrx_word' id='word_1_206' title='bbox 1238 3500 1304 3561; x_wconf 92' lang='lat' dir='ltr'><strong>p.</strong></span> <span class='ocrx_word' id='word_1_207' title='bbox 1349 3485 1504 3555; x_wconf 83' lang='lat'><strong>129,</strong></span> <span class='ocrx_word' id='word_1_208' title='bbox 1546 3485 1648 3542; x_wconf 90' lang='lat'><strong>22.</strong></span> <span class='ocrx_word' id='word_1_209' title='bbox 1716 3482 1797 3544; x_wconf 92' lang='lat' dir='ltr'><strong>de</strong></span> <span class='ocrx_word' id='word_1_210' title='bbox 1842 3481 1985 3544; x_wconf 89' lang='lat' dir='ltr'><strong>loco</strong></span> <span class='ocrx_word' id='word_1_211' title='bbox 2028 3481 2200 3563; x_wconf 90' lang='lat' dir='ltr'><strong>apud</strong></span> <span class='ocrx_word' id='word_1_212' title='bbox 2242 3481 2513 3545; x_wconf 89' lang='lat' dir='ltr'><strong>Liuium</strong></span> 
     </span>
     <span class='ocr_line' id='line_1_31' title="bbox 794 3586 2514 3669; baseline 0.003 -24"><span class='ocrx_word' id='word_1_213' title='bbox 794 3602 1027 3660; x_wconf 89' lang='lat' dir='ltr'>XXIIII,</span> <span class='ocrx_word' id='word_1_214' title='bbox 1056 3592 1128 3646; x_wconf 87' lang='grc'><strong>10</strong></span> <span class='ocrx_word' id='word_1_215' title='bbox 1163 3608 1229 3668; x_wconf 93' lang='lat' dir='ltr'><strong>p.</strong></span> <span class='ocrx_word' id='word_1_216' title='bbox 1255 3605 1435 3648; x_wconf 91' lang='lat' dir='ltr'>XVIII</span> <span class='ocrx_word' id='word_1_217' title='bbox 1467 3586 1605 3649; x_wconf 80' lang='lat' dir='ltr'><strong>dixi</strong></span> <span class='ocrx_word' id='word_1_218' title='bbox 1624 3612 1641 3663; x_wconf 91' lang='lat'>;</span> <span class='ocrx_word' id='word_1_219' title='bbox 1681 3588 1837 3651; x_wconf 88' lang='lat' dir='ltr'><strong>Obs.</strong></span> <span class='ocrx_word' id='word_1_220' title='bbox 1861 3592 2095 3669; x_wconf 85' lang='lat' dir='ltr'><strong>p.133,</strong></span> <span class='ocrx_word' id='word_1_221' title='bbox 2121 3592 2193 3647; x_wconf 87' lang='grc'><strong>17</strong></span> <span class='ocrx_word' id='word_1_222' title='bbox 2227 3586 2356 3649; x_wconf 87' lang='lat' dir='ltr'><strong>huc</strong></span> <span class='ocrx_word' id='word_1_223' title='bbox 2380 3610 2514 3652; x_wconf 86' lang='lat' dir='ltr'><strong>non</strong></span> 
     </span>
     <span class='ocr_line' id='line_1_32' title="bbox 794 3688 2513 3777; baseline 0.005 -28"><span class='ocrx_word' id='word_1_224' title='bbox 794 3688 1072 3769; x_wconf 90' lang='lat' dir='ltr'><strong>pertinet</strong></span> <span class='ocrx_word' id='word_1_225' title='bbox 1088 3739 1108 3766; x_wconf 95' lang='lat'>,</span> <span class='ocrx_word' id='word_1_226' title='bbox 1156 3690 1308 3772; x_wconf 90' lang='lat' dir='ltr'><strong>quia</strong></span> <span class='ocrx_word' id='word_1_227' title='bbox 1349 3693 1427 3754; x_wconf 92' lang='lat' dir='ltr'><strong>de</strong></span> <span class='ocrx_word' id='word_1_228' title='bbox 1467 3692 1765 3777; x_wconf 78' lang='lat' dir='ltr'><strong>prodigio</strong></span> <span class='ocrx_word' id='word_1_229' title='bbox 1804 3702 1951 3775; x_wconf 86' lang='lat' dir='ltr'><strong>post</strong></span> <span class='ocrx_word' id='word_1_230' title='bbox 1989 3693 2234 3755; x_wconf 89' lang='lat' dir='ltr'><strong>bellum</strong></span> <span class='ocrx_word' id='word_1_231' title='bbox 2280 3693 2513 3758; x_wconf 86' lang='lat' dir='ltr'><strong>sociale</strong></span> 
     </span>
     <span class='ocr_line' id='line_1_33' title="bbox 793 3794 1374 3867; baseline 0.007 -12"><span class='ocrx_word' id='word_1_232' title='bbox 793 3794 1094 3858; x_wconf 86' lang='lat' dir='ltr'><strong>nuntiato</strong></span> <span class='ocrx_word' id='word_1_233' title='bbox 1123 3806 1374 3867; x_wconf 61' lang='lat' dir='ltr'><strong>narrat.</strong></span> 
     </span>
    </p>

    <p class='ocr_par' dir='ltr' id='par_1_13' title="bbox 638 3899 1524 3977">
     <span class='ocr_line' id='line_1_34' title="bbox 638 3899 1524 3977; baseline 0.008 -18"><span class='ocrx_word' id='word_1_234' title='bbox 638 3899 873 3963; x_wconf 85' lang='lat' dir='ltr'><strong>Suessa</strong></span> <span class='ocrx_word' id='word_1_235' title='bbox 902 3900 1050 3963; x_wconf 82' lang='lat' dir='ltr'><strong>Liu.</strong></span> <span class='ocrx_word' id='word_1_236' title='bbox 1087 3921 1310 3977; x_wconf 88' lang='lat' dir='ltr'>XXXII,</span> <span class='ocrx_word' id='word_1_237' title='bbox 1354 3910 1422 3977; x_wconf 83' lang='lat'><strong>13</strong></span> <span class='ocrx_word' id='word_1_238' title='bbox 1463 3911 1524 3966; x_wconf 83' lang='lat'><strong>9.</strong></span> 
     </span>
    </p>

    <p class='ocr_par' dir='ltr' id='par_1_14' title="bbox 381 4003 2513 4196">
     <span class='ocr_line' id='line_1_35' title="bbox 553 4003 2513 4093; baseline 0.007 -30"><span class='ocrx_word' id='word_1_239' title='bbox 553 4003 688 4064; x_wconf 93' lang='lat' dir='ltr'><strong>III.</strong></span> <span class='ocrx_word' id='word_1_240' title='bbox 739 4006 831 4068; x_wconf 90' lang='lat' dir='ltr'><strong>Vt</strong></span> <span class='ocrx_word' id='word_1_241' title='bbox 861 4007 939 4068; x_wconf 91' lang='lat' dir='ltr'><strong>de</strong></span> <span class='ocrx_word' id='word_1_242' title='bbox 969 4003 1324 4071; x_wconf 85' lang='lat' dir='ltr'><strong>innumeris</strong></span> <span class='ocrx_word' id='word_1_243' title='bbox 1370 4009 1681 4093; x_wconf 85' lang='lat' dir='ltr'><strong>prodigiis</strong></span> <span class='ocrx_word' id='word_1_244' title='bbox 1728 4022 1971 4075; x_wconf 85' lang='lat' dir='ltr'><strong>taceam</strong></span> <span class='ocrx_word' id='word_1_245' title='bbox 1990 4057 2009 4085; x_wconf 93' lang='lat'>,</span> <span class='ocrx_word' id='word_1_246' title='bbox 2058 4031 2223 4093; x_wconf 89' lang='lat' dir='ltr'><strong>quae</strong></span> <span class='ocrx_word' id='word_1_247' title='bbox 2264 4013 2513 4076; x_wconf 87' lang='lat' dir='ltr'><strong>Romae</strong></span> 
     </span>
     <span class='ocr_line' id='line_1_36' title="bbox 381 4106 2505 4196; baseline 0.006 -28"><span class='ocrx_word' id='word_1_248' title='bbox 381 4116 447 4169; x_wconf 88' lang='lat' dir='ltr'><strong>et</strong></span> <span class='ocrx_word' id='word_1_249' title='bbox 477 4106 546 4170; x_wconf 89' lang='lat' dir='ltr'><strong>in</strong></span> <span class='ocrx_word' id='word_1_250' title='bbox 577 4108 751 4173; x_wconf 87' lang='lat' dir='ltr'><strong>urbis</strong></span> <span class='ocrx_word' id='word_1_251' title='bbox 796 4109 1039 4175; x_wconf 87' lang='lat' dir='ltr'><strong>uicinia</strong></span> <span class='ocrx_word' id='word_1_252' title='bbox 1067 4135 1122 4175; x_wconf 92' lang='lat' dir='ltr'><strong>e.</strong></span> <span class='ocrx_word' id='word_1_253' title='bbox 1160 4134 1226 4195; x_wconf 88' lang='lat' dir='ltr'><strong>g.</strong></span> <span class='ocrx_word' id='word_1_254' title='bbox 1263 4114 1565 4196; x_wconf 87' lang='lat' dir='ltr'><strong>Capenae</strong></span> <span class='ocrx_word' id='word_1_255' title='bbox 1613 4116 1798 4196; x_wconf 90' lang='lat' dir='ltr'><strong>(Liu.</strong></span> <span class='ocrx_word' id='word_1_256' title='bbox 1835 4135 2024 4192; x_wconf 74' lang='lat' dir='ltr'>XXII,</span> <span class='ocrx_word' id='word_1_257' title='bbox 2068 4124 2124 4178; x_wconf 87' lang='lat'><strong>1.</strong></span> <span class='ocrx_word' id='word_1_258' title='bbox 2174 4138 2408 4193; x_wconf 86' lang='lat' dir='ltr'>XXVII,</span> <span class='ocrx_word' id='word_1_259' title='bbox 2445 4127 2505 4181; x_wconf 88' lang='grc'><strong>4.</strong></span> 
     </span>
    </p>
   </div>
  </div>
 </body>
</html>
