3052 4823
1134 367 1196 408 r.
1235 367 1377 410 L1v1
1411 366 1798 409 xvrii—xx.
2454 351 2534 412 23

400 515 724 580 Martialis
755 526 913 591 erat,
949 537 1098 578 cum
1128 515 1182 580 is
1211 517 1296 578 ad
1316 517 1566 604 bellum
1579 518 1935 600 gerendum
1962 517 2278 600 proficisci
2309 517 2531 594 uellet,

403 618 476 681 in
505 619 666 681 urbe
698 617 910 680 tenuit
953 639 1074 680 nec
1117 639 1344 700 passus
1391 630 1489 682 est
1520 641 1560 681 a
1590 618 1785 682 sacris
1828 620 2139 681 recedere.
2204 620 2395 681 rebus
2424 620 2534 681 ad-

403 741 629 784 uersus
655 721 908 784 Poenos
941 741 980 782 a
1007 719 1298 802 pluribus
1331 721 1603 784 ducibus
1632 741 1931 803 prospere
1959 720 2181 803 gestis,
2218 742 2536 784 summam

402 821 712 885 uictoriae
745 822 824 886 O.
862 821 1168 886 Lutatius
1205 844 1332 886 cos.
1382 821 1559 885 uicta
1602 824 1684 885 ad
1722 823 2001 904 Aegates
2046 821 2294 887 insulas
2334 823 2537 886 classe

340 940 371 988 5
403 928 771 990 Poenorum
799 922 1130 1005 imposuit.
1165 924 1537 1006 petentibus
1561 922 2207 1005 Carthaginiensibus
2230 945 2359 1008 pax
2388 926 2539 988 data

405 1039 523 1090 est.
574 1047 721 1088 cum
755 1025 1071 1106 templum
1100 1009 1337 1089 Vestae
1369 1027 1641 1101 arderet,
1686 1023 2007 1088 Caecilius
2038 1025 2347 1089 Metellus
2378 1047 2536 1116 pon-

407 1129 570 1192 tifex
597 1125 918 1189 maximus
950 1148 1033 1189 ex
1060 1126 1360 1190 incendio
1391 1149 1573 1192 sacra
1599 1127 1835 1210 rapuit.
1885 1129 2053 1190 duae
2094 1126 2301 1192 tribus
2331 1126 2536 1190 adiec-

414 1242 517 1294 tae
547 1237 734 1303 sunt,
768 1226 1006 1291 Velina
1034 1238 1099 1291 et
1130 1228 1425 1297 Quirina.

1185 1465 1314 1526 Ex
1358 1464 1535 1526 ΗΒ.
1592 1417 1757 1526 Χ’Χ.

317 1659 380 1708 10
411 1643 648 1709 Falisci
676 1663 826 1706 cum
855 1642 1295 1718 rebellassent,
1332 1653 1512 1708 sexto
1544 1643 1647 1707 die
1676 1642 2019 1726 perdomiti
2046 1641 2117 1704 in
2148 1641 2542 1705 deditionem

413 1753 756 1810 uenerunt.
807 1743 1172 1828 Spoletium
1200 1745 1450 1809 colonia
1479 1748 1755 1820 deducta
1784 1756 1903 1808 est.
1936 1747 2242 1808 aduersus
2272 1732 2542 1826 Ligures

414 1858 570 1911 tunc
599 1846 884 1930 primum
914 1847 1231 1910 exercitus
1273 1858 1603 1932 promotus
1647 1858 1766 1910 est.
1830 1846 2019 1911 Sardi
2062 1855 2126 1910 et
2170 1845 2351 1909 Corsi
2395 1865 2545 1908 cum

414 1949 836 2013 rebellassent
853 1997 872 2024 ,
935 1948 1187 2011 subacti
1229 1959 1402 2012 sunt.
1483 1949 1726 2013 Tuccia
1766 1949 1953 2033 uirgo
1992 1947 2273 2014 Vestalis
2315 1947 2546 2011 incesti

415 2052 723 2114 damnata
753 2059 872 2113 est.
932 2050 1180 2114 bellum
1211 2051 1450 2135 Illyriis
1479 2063 1741 2137 propter
1768 2074 1976 2115 unum
2007 2074 2088 2116 ex
2104 2050 2346 2138 ⁴legatis
2364 2099 2385 2126 ,
2434 2049 2545 2132 qui

322 2166 383 2215 15
415 2155 496 2216 ad
539 2173 648 2215 eos
691 2151 877 2214 missi
919 2162 1135 2230 erant,
1186 2154 1468 2218 occisum
1508 2154 1829 2218 indictum
1869 2165 2003 2230 est,
2056 2151 2432 2236 subactique
2475 2152 2546 2215 in

417 2253 812 2319 deditionem
854 2265 1196 2317 uenerunt.
1258 2267 1628 2340 praetorum
1680 2277 1987 2319 numerus
2032 2255 2379 2339 ampliatus
2420 2265 2542 2331 est,

419 2368 496 2421 ut
539 2364 755 2421 essent
798 2353 970 2420 1111.'
1015 2357 1194 2422 Galli
1236 2358 1649 2448 transalpini,
1716 2359 1827 2443 qui
1869 2359 1940 2421 in
1983 2358 2245 2422 Italiam
2288 2358 2546 2440 inrupe-

420 2471 566 2525 rant
585 2509 605 2537 ,
641 2459 809 2523 caesi
851 2471 1029 2523 sunt.
1095 2482 1170 2523 eo
1213 2462 1382 2523 bello
1421 2462 1736 2544 populum
1765 2464 2139 2525 Romanum
2169 2460 2271 2525 sui
2300 2458 2548 2523 Latini-

422 2585 545 2645 que
603 2562 886 2626 nominis
944 2551 1092 2661 'cc—cs
1116 2574 1507 2627 armatorum
1548 2563 1851 2627 habuisse
1907 2555 2107 2626 dicit.
2162 2561 2547 2627 exercitibus

323 2677 390 2727 20
421 2664 736 2728 Romanis
769 2676 928 2729 tunc
958 2665 1241 2749 primum
1270 2676 1448 2729 trans
1481 2668 1734 2731 Padum
1780 2666 1991 2730 ductis
2034 2664 2213 2729 Galli
2243 2664 2549 2727 Insubres

420 2766 681 2849 aliquod
709 2767 966 2849 proeliis
996 2768 1125 2831 fusi
1166 2768 1237 2831 in
1277 2767 1672 2832 deditionem
1700 2779 2045 2833 uenerunt.
2094 2769 2191 2830 M.
2238 2765 2551 2831 Claudius

424 2870 776 2933 Marcellus
808 2892 937 2934 cos.
975 2870 1184 2935 occiso
1197 2871 1538 2934 Gallorum
1563 2872 1940 2936 Insubrium
1962 2874 2125 2935 duce
2148 2870 2552 2936 Viridomaro

425 2972 638 3054 opima
671 2972 878 3054 spolia
905 2973 1150 3037 retulit.
1202 2973 1414 3037 Histri
1445 2974 1699 3037 subacti
1729 2986 1905 3039 sunt.
1964 2974 2121 3038 item
2162 2974 2375 3056 Illyrii
2404 2994 2555 3035 cum

424 3074 873 3150 rebellassent,
938 3074 1169 3137 domiti
1205 3074 1277 3137 in
1321 3074 1715 3138 deditionem
1768 3086 2111 3139 uenerunt.
2189 3076 2471 3137 lustrum
2518 3095 2557 3135 a

327 3187 394 3236 25
426 3175 796 3238 censoribus
825 3176 1160 3239 conditum
1203 3184 1322 3238 est.
1385 3175 1593 3259 primo
1636 3176 1839 3239 lustro
1880 3198 2073 3239 censa
2116 3185 2270 3239 sunt
2310 3174 2556 3237 ciuium
2588 3160 2593 3164 ⁸

442 3276 655 3361 capita
700 3297 909 3341 chxx
937 3297 1143 3341 ccx111
1163 3318 1240 3346 η.
1317 3276 1605 3341 libertini
1634 3276 1704 3339 in
1736 3288 2038 3361 quattuor
2062 3277 2271 3341 tribus
2316 3277 2559 3341 redacti

436 3475 457 3523 1
490 3473 732 3526 cum-ille
757 3492 788 3526 r
813 3473 832 3543 n
860 3477 890 3526 2
915 3492 948 3527 a
971 3492 1054 3526 om
1079 3492 1111 3527 r
1137 3474 1155 3544 ΙΙ
1184 3477 1213 3525 3
1238 3489 1492 3543 prospere
1532 3490 1616 3524 om
1650 3489 1682 3524 r
1708 3471 1724 3541 ss
1752 3475 1783 3523 4
1821 3472 2107 3525 uictoriam
2142 3484 2262 3541 ng
2286 3472 2304 3542 n
2330 3471 2401 3524 ad
2435 3470 2564 3524 dae-

429 3558 586 3621 gatos
609 3564 660 3605 N
680 3552 698 3623 ss
727 3556 757 3604 5
783 3552 945 3605 finem
969 3552 1114 3606 bello
1140 3551 1400 3622 imposuit
1432 3567 1464 3602 r
1489 3549 1507 3620 ss
1537 3553 1567 3602 8
1592 3550 1859 3620 esquilina
1901 3567 1967 3613 ςν
1992 3552 2011 3621 ΙΙ
2042 3554 2104 3602 10
2142 3549 2341 3603 Falisci
2375 3578 2441 3589 -
2467 3566 2559 3601 ue-

427 3638 626 3685 nerunt
649 3631 839 3703 influe
852 3632 1136 3701 periochae
1162 3629 1292 3683 libri
1310 3642 1493 3683 XVIIII
1509 3647 1550 3698 ‚r
1576 3632 1593 3699 ΙΙ
1625 3632 1681 3681 11
1714 3629 1984 3699 spoletum
2012 3648 2078 3691 ςν
2102 3629 2120 3698 ΙΙ
2147 3629 2438 3682 aduersum
2462 3644 2494 3679 r
2519 3627 2537 3695 ΙΙ

428 3711 635 3783 liguras
658 3724 710 3765 N
729 3712 748 3783 ΙΙ
782 3716 842 3765 13
868 3712 1068 3765 Tuccia
1090 3711 1340 3780 Siyonius
1360 3730 1378 3761 .·
1414 3710 1560 3763 lucia
1595 3721 1707 3773 Νς,
1751 3708 1919 3763 Tucia
1958 3727 1989 3761 r
2014 3710 2033 3779 ss
2064 3712 2125 3761 14
2164 3706 2386 3778 illyricis
2428 3724 2495 3768 ςν
2520 3707 2537 3776 ΙΙ

434 3790 632 3841 16-21
661 3794 974 3858 praetorum
999 3818 1066 3827 —-
1103 3794 1375 3840 uenerunt
1413 3785 1491 3838 bis
1524 3785 1741 3855 scripsit
1772 3797 1823 3838 N
1844 3784 1860 3854 ss
1892 3787 1953 3836 17
1990 3791 2281 3854 eruperant
2315 3800 2347 3835 r
2372 3782 2391 3851 ΙΙ
2422 3784 2483 3833 18
2509 3789 2566 3835 et

430 3867 576 3921 bello
599 3880 708 3937 Ny,
750 3875 806 3922 et
848 3886 912 3921 eo
948 3867 1093 3920 bello
1133 3885 1169 3929 ς
1203 3866 1222 3935 ss
1260 3865 1525 3935 populum
1560 3882 1846 3918 romanum
1881 3877 1995 3933 Ny.-
2031 3863 2268 3933 populus
2310 3878 2566 3915 romanus

435 3963 502 4008 ςν
527 3946 545 4014 ΙΙ
576 3948 638 3997 19
667 3945 802 3999 dicit
822 3958 938 4008 Νςε
982 3944 1182 3998 dicitur
1202 3962 1310 4013 932·
1335 3944 1354 4011 ΙΙ
1381 3946 1447 3995 20
1472 3948 1591 3995 tum
1615 3960 1647 3993 r
1671 3942 1689 4012 ΙΙ
1716 3944 1778 3994 21
1807 3942 1915 3995 fusi
1941 3960 2026 3994 om
2050 3960 2081 3993 r
2116 3941 2134 4011 ss
2171 3944 2236 3995 22
2261 3940 2566 3994 insubrium

434 4023 703 4094 gallorum
733 4041 798 4086 ςν
823 4023 840 4093 1]
868 4035 1175 4077 uertomaro
1198 4033 1282 4083 Νς
1307 4019 1325 4090 ΙΙ
1353 4022 1418 4072 23
1444 4018 1643 4089 illyrici
1668 4036 1699 4069 r
1724 4019 1741 4088 ss
1770 4017 2009 4088 24ζάοωί
2045 4030 2096 4071 Ν
2126 4018 2145 4089 ΙΙ
2184 4020 2249 4069 25
2288 4016 2566 4071 conditum

430 4108 516 4161 bis
545 4128 579 4170 ς
603 4107 622 4175 ΙΙ
647 4107 822 4177 primo
846 4109 1018 4162 lustro
1042 4121 1156 4170 Νςι
1208 4123 1316 4177 quo
1355 4105 1529 4158 lustro
1562 4120 1631 4172 y,
1684 4121 1751 4157 ex
1788 4120 1895 4172 quo
1932 4120 1963 4154 r
1988 4102 2006 4173 ΙΙ
2033 4108 2100 4159 26
2135 4116 2356 4166 ccxxx,
2397 4102 2569 4157 altero

433 4205 701 4247 ccnxxm
727 4193 1056 4246 Niebuhr-ius
1079 4194 1161 4246 H.
1190 4192 1264 4244 R.
1292 4202 1349 4244 ιι
1360 4210 1422 4261 p.
1454 4193 1510 4244 81
1546 4190 1565 4260 u
