3052 4823
1011 363 1072 406 r.
1110 363 1255 408 L1v1
1285 361 1828 407 xxvnn---xxiu⁰
2405 340 2488 402 35

359 511 740 578 Masinissae
770 531 1044 594 regnum
1061 511 1437 575 restitutum
1461 522 1580 574 est.
1616 531 1911 574 reuersus
1940 507 2009 572 in
2032 509 2258 570 urbem
2270 507 2489 591 Scipio

357 612 829 696 amplissimum
858 611 1459 696 nobilissimumque
1503 612 1638 695 egit
1680 611 2086 696 triumphum
2102 658 2124 687 ,
2166 629 2361 693 quem
2400 611 2483 678 Q.

369 713 710 778 Terentius
743 713 970 778 Culleo
999 725 1250 777 senator
1279 715 1583 798 pilleatus
1614 723 1873 776 secutus
1904 722 2022 776 est.
2076 711 2293 794 Scipio
2321 710 2489 774 Afri-

363 838 562 880 canus
592 851 679 888 ·.-····
709 814 1030 877 incertum
1068 814 1333 879 militari
1377 815 1557 898 prius
1601 813 1821 877 fauore
1871 835 1956 876 an
1995 812 2293 898 populari
2335 831 2491 876 aura

295 931 328 980 5
357 917 448 980 ita
493 916 982 998 cognominatus
1031 915 1116 978 sit
1152 952 1230 963 —-
1261 916 1508 999 primus
1540 925 1708 978 certe
1737 915 1845 978 hic
1888 915 2238 998 imperator
2278 913 2491 976 uictae

361 1041 400 1080 a
429 1039 498 1080 se
525 1017 788 1080 nomine
817 1017 1028 1100 gentis
1059 1017 1436 1080 nobilitatus
1467 1027 1587 1080 est.
1637 1017 1835 1100 Mago
1862 1016 2055 1093 belle,
2089 1036 2219 1099 quo
2246 1015 2317 1078 in
2340 1035 2492 1098 agro

360 1119 742 1183 Insubrium
772 1139 922 1180 cum
949 1118 1266 1183 Romanis
1297 1118 1673 1181 conflixerat
1687 1165 1709 1194 ,
1764 1117 2146 1181 uulneratus
2164 1164 2184 1193 ,
2221 1119 2392 1180 'dum
2420 1117 2493 1180 in

360 1219 648 1283 Africam
675 1242 790 1304 per
817 1221 1062 1304 legatos
1090 1229 1428 1283 reuocatus
1467 1230 1892 1283 reuerteretur
1920 1242 2000 1282 ex
2031 1219 2298 1281 uulnere
2324 1239 2492 1282 mor-

369 1333 520 1385 tuus
553 1332 672 1386 est.
1863 1339 1869 1344 ·

267 1570 332 1619 10
609 1552 615 1558 ’
1083 1557 1210 1619 EX
1256 1559 1431 1620 LIB.
1480 1558 1756 1620 XXXI.

367 1725 538 1788 Belli
569 1727 874 1788 aduersus
906 1723 1288 1809 Philippum
1317 1725 1734 1787 Macedoniae
1770 1747 1987 1808 regem
2004 1773 2026 1801 ‚
2078 1728 2249 1808 quod
2296 1726 2493 1790 inter-

364 1826 633 1890 missum
666 1837 802 1889 erat
816 1874 836 1902 ‚
871 1825 1127 1908 repetiti
1156 1848 1348 1889 causa
1374 1827 1739 1890 referuntur
1767 1826 1912 1890 hae.
1962 1836 2249 1910 tempore
2277 1827 2492 1891 initio·
2511 1829 2529 1844 ‘

363 1948 509 1989 rum
538 1928 667 1990 duo
697 1927 968 1990 iuuenes
998 1928 1364 1990 Acarnanes
1386 1974 1406 2002 ‚
1443 1927 1557 2009 qui
1584 1949 1717 1992 non
1748 1939 1931 1992 erant
1959 1927 2203 1991 initiati
2220 1977 2239 2006 ‚
2290 1929 2492 1992 Athe-

361 2051 480 2092 nas
509 2036 831 2091 uenerunt
859 2037 926 2090 et
966 2027 1037 2089 in
1067 2027 1412 2090 sacrarium
1443 2028 1689 2092 Cereris
1722 2051 1872 2092 cum
1902 2029 2045 2092 aliis
2075 2029 2493 2112 popularibus

268 2145 332 2194 ¹5
365 2131 498 2194 suis
527 2130 958 2193 intrauerunt.
1009 2130 1090 2192 ob
1117 2130 1241 2192 hoc
1253 2177 1272 2206 ‚
1310 2140 1641 2212 tamquam
1669 2153 1996 2195 summum
2024 2130 2203 2194 nefas
2233 2129 2493 2194 commi-

367 2232 637 2309 sissent,
676 2232 756 2293 ab
785 2230 1289 2294 Atheniensibus
1319 2231 1511 2293 occisi
1543 2241 1719 2293 sunt.
1780 2234 2149 2294 Acarnanes
2178 2232 2493 2295 mortibus

367 2355 632 2396 suorum
661 2330 963 2394 commoti
993 2332 1074 2393 ad
1103 2331 1525 2393 uindicandos
1571 2331 1716 2395 illos
1760 2331 2075 2395 auxilium
2118 2353 2157 2393 a
2187 2332 2495 2416 Philippo

363 2435 688 2519 petierunt
745 2444 810 2497 et
858 2434 1148 2496 Athenas
1205 2434 1781 2515 obpugnauerunt,
1827 2432 2254 2497 Athenienses
2310 2434 2493 2496 auxi-

361 2537 528 2599 lium
569 2558 608 2599 a
658 2535 970 2597 Romanis
1020 2532 1348 2617 petierunt
1387 2544 1535 2617 post
1588 2555 1814 2616 pacem
1856 2534 2495 2617 Carthaginiensibus

264 2651 332 2700 20
363 2640 580 2700 datam
609 2635 1098 2719 quadragesimo
1127 2657 1297 2698 anno
1343 2635 1462 2721 [ab
1503 2635 1663 2698 urbe
1705 2636 2001 2720 condita]
2051 2635 2271 2719 paucis
2313 2658 2493 2700 men-

366 2738 540 2801 sibus
599 2738 937 2821 [coeptum
989 2747 1085 2799 est
1136 2748 1351 2801 autem
1403 2758 1577 2801 anno
1628 2736 2142 2821 quingentesimo
2195 2736 2487 2823 quinto].

368 2861 516 2902 cum
554 2837 1053 2900 Atheniensium
1069 2886 1090 2914 ,
1141 2838 1253 2921 qui
1304 2860 1343 2901 a
1393 2839 1699 2923 Philippo
1744 2838 2231 2917 obsidebantur,
2294 2839 2495 2923 legati

369 2939 686 3002 auxiiium
717 2960 754 3001 a
784 2949 1012 3001 senatu
1046 2939 1393 3021 petissent,
1458 2950 1523 3003 et
1557 2941 1626 3003 id
1669 2951 1928 3004 senatus
1974 2942 2308 3004 ferendum
2345 2962 2493 3003 cen-

367 3039 599 3103 suisset
660 3040 882 3122 plebe,
941 3039 1047 3102 cui
1105 3049 1200 3101 tot
1266 3040 1585 3103 bellorum
1636 3041 1983 3105 continuus
2041 3042 2220 3104 labor
2273 3042 2488 3123 grauis

266 3153 336 3202 25
367 3150 534 3216 erat,
567 3138 1022 3215 dissentiente,
1059 3138 1270 3201 tenuit
1298 3140 1641 3203 auctoritas
1682 3150 1945 3224 patrum
1990 3152 2066 3203 ut
2095 3141 2301 3204 sociae
2332 3140 2489 3203 ciui-

369 3241 489 3305 tati
527 3240 677 3304 ferri
705 3275 744 3317 ,
787 3262 1040 3324 quoque
1093 3262 1280 3324 opem
1321 3243 1602 3325 populus
1660 3241 1932 3303 iuberet.
2009 3242 2079 3303 id
2115 3232 2361 3304 bellum
2406 3243 2484 3305 P.

369 3513 400 3562 6
424 3508 568 3562 bello
607 3509 702 3580 qui
724 3521 837 3575 N3‚
879 3510 975 3581 qui
996 3510 1141 3564 bello
1179 3531 1214 3573 ς
1237 3510 1256 3581 ΙΙ
1284 3515 1312 3563 7
1350 3510 1637 3564 insubrum
1667 3523 1719 3563 N
1739 3510 1757 3581 ΙΙ
1773 3516 1908 3580 puto
1946 3528 2069 3564 cum
2096 3510 2115 3581 n
2146 3512 2201 3562 11
2242 3510 2492 3581 filippum

363 3587 454 3656 ΝΙΙ
485 3590 547 3637 12
569 3586 822 3641 feruntur
858 3606 923 3650 3r
947 3589 968 3659 ss
997 3591 1060 3640 13
1101 3587 1382 3641 0001001110
1417 3600 1469 3640 Ν
1502 3588 1520 3657 ΙΙ
1561 3587 1765 3641 initiati
1798 3595 1953 3641 erant
1984 3604 2050 3650 3r
2086 3588 2105 3657 ΙΙ
2146 3590 2207 3638 14
2243 3586 2495 3656 pluribus

369 3681 435 3726 3r
470 3664 490 3735 ss
530 3667 592 3716 15
640 3665 792 3717 nefas
831 3682 1102 3717 summum
1139 3682 1205 3726 3r
1243 3664 1262 3735 ΙΙ
1292 3667 1355 3716 16
1379 3664 1521 3716 caesi
1548 3681 1613 3726 3r
1638 3665 1657 3734 ss
1687 3667 1747 3716 17
1787 3664 2179 3717 uindicandum
2204 3679 2235 3714 r
2260 3663 2277 3732 ΙΙ
2304 3662 2491 3732 filippo

363 3760 414 3801 N
434 3749 452 3819 ΙΙ
479 3752 544 3801 20
570 3748 984 3837 quadragesimo
1008 3748 1232 3817 scripsi.-
1261 3734 1808 3817 quadrangentesimo
1843 3760 1915 3812 N,
1969 3746 2405 3818 quingentesimo
2438 3763 2487 3811 r,

367 3825 803 3894 quingentesimo
829 3824 1282 3895 quinquagesimo
1320 3824 1572 3893 Siqonius
1597 3828 1617 3895 u
1652 3824 1839 3895 paucis
1873 3824 2151 3877 mensibus
2186 3830 2343 3893 porta
2380 3822 2493 3875 iani

367 3902 550 3954 clausa
573 3909 657 3954 est
681 3912 933 3972 coeptum
973 3919 1038 3965 3r
1080 3906 1098 3972 n
1136 3904 1201 3954 22
1239 3900 1629 3954 obsidebantur
1665 3919 1698 3954 a
1730 3901 1975 4004 philippo
2015 3918 2081 3962 3r
2107 3901 2127 3969 u
2166 3904 2231 3953 23
2269 3905 2489 3951 senatus

365 4003 425 4055 id
447 4002 746 4055 censuisset
766 4003 1052 4055 ferendum
1075 4020 1107 4054 r
1131 4001 1150 4073 ΙΙ
1177 4004 1243 4055 24
1277 4002 1365 4054 eui
1397 4000 1619 4069 scripsi.-
1659 4010 1794 4071 quot
1825 4013 1898 4064 N,
1940 4001 2090 4070 quod
2115 4015 2218 4064 3r
2206 4000 2224 4071 Ι
2249 4002 2317 4052 26
2352 3999 2493 4053 ferre

367 4096 585 4223 ququue
611 4096 770 4147 opem
793 4092 925 4141 N3r.
947 4080 1192 4146 fortasse
1215 4095 1361 4131 nunc
1397 4093 1613 4146 quoque
1638 4078 1657 4146 fl
1680 4077 1917 4146 popqus
1943 4092 2160 4145 quoque
2187 4094 2222 4139 ς
2245 4078 2264 4147 [Ι
2288 4075 2493 4129 bellum

371 4172 389 4205 1
459 4172 522 4205 -r

2070 4238 2150 4299 3*
