3052 4823
877 413 884 420 .
975 359 1037 402 T.
1076 359 1218 404 L1v1
1251 358 1866 405 LXXXII—LXXXVI.
2416 343 2491 406 81

367 509 622 592 exigere
673 509 872 586 uellet
929 518 1005 571 ut
1057 509 1255 572 fidem
1299 530 1520 572 eorum
1556 519 1805 572 contra
1850 510 2123 593 Syllam.
2150 511 2493 595 obligaret,

366 632 682 674 consensu
712 619 974 672 senatus
1005 609 1366 692 prohibitus
1413 620 1531 673 est.
1593 610 1782 674 nouis
1828 611 2078 676 ciuibus
2110 613 2236 678 SC.
2275 615 2497 678 suffra-

317 761 323 766 .
366 712 556 796 gium-
571 707 804 775 datum
835 720 953 773 est.
1007 713 1088 779 Q.
1127 711 1431 774 Metellus
1464 711 1660 788 Pius,
1700 712 1811 796 qui
1840 725 2054 796 partes
2088 715 2513 797 optimatium-

367 823 627 877 secutus
659 822 831 889 erat,
883 834 1032 875 cum
1077 813 1146 875 in
1177 810 1396 892 Africa
1423 814 1670 877 bellum
1697 816 2067 893 moliretur,
2116 839 2155 879 a
2184 818 2261 894 C.
2298 818 2498 882 Fabio

299 924 330 972 5
365 909 653 999 praetore
694 916 920 997 pulsus
962 925 1096 990 est,
1153 925 1542 998 senatusque
1587 918 1956 1002 consultum
1996 941 2109 1002 per
2151 920 2499 985 factionem

370 1016 682 1104 Carbonis
738 1027 802 1079 et
859 1015 1300 1080 Marianarum
1349 1017 1633 1101 partium
1682 1020 1928 1084 factum
1986 1032 2083 1086 est
2141 1033 2216 1086 ut
2277 1045 2496 1087 omnes

366 1118 608 1202 ubique
639 1116 954 1180 exercitus
987 1118 1481 1183 dimitterentur.
1511 1157 1518 1164 ·
1555 1121 1843 1185 libertini
1872 1123 1941 1185 in
1974 1123 2257 1207 quinque
2291 1105 2355 1188 et
2386 1125 2497 1188 tri-

367 1219 552 1304 ginta
581 1207 786 1282 tribus
817 1219 1143 1283 distributi
1173 1232 1349 1284 sunt.
1385 1233 1711 1305 praeterea
1731 1211 1887 1288 belli
1918 1236 2297 1309 apparatum
2328 1228 2499 1310 quod

373 1333 598 1387 contra
629 1322 877 1405 Syllam
909 1321 1310 1386 excitabatur
1339 1325 1652 1388 continet.
1850 1340 1857 1346 '

236 1533 361 1657 ‘1⁰2
689 1517 697 1524 ’
979 1571 988 1578 ·
1055 1560 1184 1621 EX
1229 1560 1403 1622 ΗΒ.
1456 1529 1812 1624 LXXXV.

371 1729 553 1811 Sylla
609 1725 679 1788 in
724 1726 985 1789 Italiam
1027 1750 1177 1791 cum
1224 1728 1513 1792 exercitu
1566 1729 1816 1793 traiecit
1872 1728 2212 1814 missisque
2264 1730 2495 1814 legatis

370 1829 480 1913 qui
511 1827 594 1893 de
618 1851 775 1911 pace
806 1839 1069 1912 agerent
1098 1838 1162 1892 et
1191 1831 1272 1893 ab
1303 1831 1675 1895 consules).
1704 1833 2014 1896 Norbano
2044 1832 2305 1898 uiolatis
2337 1847 2495 1896 eun-

368 1933 516 1995 dem
545 1931 928 2018 Norbanum
955 1931 1198 2013 proelio
1241 1931 1425 1994 uicit.
1476 1942 1541 1994 et
1584 1955 1732 1996 cum
1762 1936 1839 1997 L.
1879 1932 2199 2017 Scipionis
2231 1935 2496 1998 alterius

370 2055 530 2108 cos„
557 2053 714 2095 'cu-m
741 2054 870 2116 quo
899 2054 1012 2116 per
1041 2033 1260 2097 omnia
1286 2034 1602 2118 id‚egerat
1645 2046 1721 2099 ut
1746 2043 1988 2119 'pacem
2031 2037 2333 2120 iungeret
2375 2059 2497 2100 nec

270 2149 336 2201 15
366 2144 662 2221 potuerat
678 2182 698 2210 ‚
754 2145 961 2198 castra
1003 2145 1489 2220 oppugnaturus
1528 2147 1730 2213 esset,
1787 2121 2132 2202 uniuersus
2177 2139 2494 2202 exercitus

355 2219 654 2301 ’consulis
669 2272 690 2313 ⁵
737 2221 1120 2298 sollicitatus
1151 2259 1264 2319 per
1293 2223 1556 2309 emissos
1590 2260 1627 2300 a
1658 2239 2139 2321 SyHamilites,
2193 2237 2395 2324 ‘signa'
2414 2243 2497 2304 ad

2537 1259 2613 1386 ts

370 2339 617 2423 Syllam
649 2340 1000 2403 transtulit.
1083 2338 1299 2423 Scipio
1331 2361 1480 2401 cum
1511 2339 1717 2403 occidi
1746 2337 2001 2423 posset,
2036 2342 2339 2419 dimissus
2369 2352 2488 2405 est.
2546 2386 2556 2392 =

317 2443 489 2505 ..Cn
540 2441 885 2524 Pompeius
901 2488 922 2518 ,
979 2443 1102 2505 Cn.
1154 2441 1426 2523 Pompei
1468 2441 1643 2504 filius
1697 2442 1835 2505 eius
1882 2442 2021 2525 qui
2033 2444 2348 2507 Asculum
2394 2466 2493 2506 ce-

367 2553 582 2641 perat,
628 2541 921 2625 priuatus
952 2542 1313 2625 conscripto
1343 2542 1859 2606 uoluntariorum
1889 2545 2173 2608 exercitu
2202 2566 2351 2608 cum
2381 2546 2492 2608 tri-

267 2656 334 2707 20
362 2632 484 2707 bus
519 2638 894 2726 legionibus
931 2647 1012 2708 ad
1059 2637 1304 2728 Syllam
1343 2656 1654 2720 uenerat,
1720 2648 1802 2709 ad
1846 2668 2038 2729 quem
2082 2668 2148 2710 se
2188 2647 2493 2743 nobilitas

368 2744 576 2807 omnis
608 2745 1004 2823 conferebat,
1049 2746 1142 2809 ita
1182 2756 1256 2809 ut
1287 2748 1537 2810 deserta
1581 2749 1737 2810 urbe
1785 2748 1867 2811 ad
1898 2758 2105 2811 castra
2133 2735 2486 2813 ueniretur.

364 2846 689 2931 praeterea
719 2846 1158 2929 expeditiones
1204 2870 1320 2931 per
1362 2859 1565 2913 totam
1610 2849 1871 2945 Italiam
1913 2849 2248 2935 utriusque
2291 2852 2491 2937 partis
2548 2934 2557 2943 .
2652 2898 2659 2905 -

249 2978 257 2986 ·
370 2950 609 3011 ducum
639 2948 1026 3011 referuntur.

1024 3182 1152 3243 EX
1196 3183 1386 3245 LIB..
1428 3184 1824 3249 LXXXVI.

263 3362 330 3439 25
363 3351 532 3437 Cum
562 3351 640 3414 C‘.
672 3346 926 3415 Marius
957 3352 1033 3417 C.
1070 3350 1242 3415 Mar-i
1270 3351 1448 3416 filius
1479 3374 1606 3417 cos.
1645 3362 1793 3415 ante
1824 3374 2026 3435 annos
2070 3372 2167 3446 {tx
2195 3376 2311 3436 per
2352 3352 2491 3418 uim

364 3463 622 3517 creatus
646 3464 814 3541 esset
831 3502 850 3532 ,
902 3455 978 3517 C.
1017 3454 1258 3518 Fab‘ius
1287 3454 1359 3517 in
1387 3455 1607 3518 Africa
1648 3464 1909 3537 propter
1950 3455 2396 3519 crudelitatem
2426 3466 2491 3519 et

277 3616 282 3623 ,
364 3554 704 3647 auaritiam
735 3577 918 3618 suam
947 3554 1016 3617 in
1045 3556 1364 3639 praetorio
1395 3578 1510 3619 suo
1540 3556 1735 3619 uiuus
1767 3567 2032 3621 exustus
2063 3568 2179 3621 est.
2217 3560 2294 3621 L.
2333 3558 2489 3622 Phi-

365 3749 394 3831 2
423 3752 508 3833 est
531 3766 670 3835 om}
695 3764 768 3865 {1‘3
797 3802 853 3852 g.
881 3786 1130 3839 metellus
1162 3788 1252 3855 Nl}
1278 3792 1484 3856 partem
1511 3782 1834 3855 optimatum
1861 3805 1896 3850 ς
1920 3787 1938 3856 ΙΙ
1966 3790 1996 3839 8
2024 3788 2169 3857 quod
2195 3788 2487 3857 plurimum

265 3880 272 3887 ·
338 3858 699 3924 ‚excitabatur
736 3878 767 3912 r
793 3861 810 3929 ΙΙ
843 3863 902 3912 12
940 3867 994 3913 et
1018 3880 1102 3914 om
1130 3882 1165 3924 ς
1189 3864 1206 3931 ss
1234 3879 1266 3913 a
1290 3861 1511 3914 consule
1539 3862 1638 3914 Cn.
1668 3862 1914 3915 Carbone
1940 3869 1995 3915 et
2020 3863 2079 3915 Ο.
2106 3864 2363 3916 Narbone
2388 3881 2419 3915 r
2444 3865 2461 3933 ΙΙ

215 3953 222 3962 ·
337 3955 449 3995 cn.
477 3950 529 3990 N
549 3938 566 4008 ΙΙ
599 3940 666 3990 17·
685 3937 923 3990 interimi
947 3957 978 3991 r
1003 3940 1020 4008 [Ι
1051 3943 1112 3992 18
1137 3938 1364 4009 Pompei
1387 3946 1471 3991 om
1495 3957 1526 3989 r
1552 3939 1571 4007 ss
1596 3937 1739 3992 filius
1765 3958 1849 3991 om
1872 3948 1923 3991 N
1944 3940 1962 4009 ss
1993 3943 2053 3991 19
2069 3940 2316 4009 priuatus
2348 3942 2485 3993 G'ro-

360 4016 582 4071 nouius:
597 4017 852 4085 scriptus
874 4016 995 4085 Νρς·
1017 4016 1036 4087 11
1063 4015 1365 4085 conscripto
1391 4013 1611 4083 quidem
1636 4031 1667 4065 r
1692 4012 1726 4081 ΙΙ
1737 4016 1801 4066 22
1830 4014 2138 4067 uniuersam
2162 4033 2211 4068 r
2218 4017 2236 4086 u
2263 4019 2328 4067 25
2365 4030 2485 4071 xxv

274 4116 280 4125 ·
360 4093 620 4147 Aurelius
654 4093 838 4148 Victor
860 4092 932 4145 de
946 4092 1096 4145 ui‘ris
1103 4092 1400 4145 ilbastribus
1426 4091 1526 4155 68,
1565 4102 1713 4143 XXVI·
1747 4088 1974 4144 Velleius
1998 4104 2067 4157 ΙΙ,
2097 4096 2163 4145 26
2189 4091 2207 4161 ΙΙ
2251 4096 2316 4146 26
2340 4094 2486 4148 Afri·-

361 4172 668 4243 camrss27
697 4188 850 4225 suam
875 4170 1058 4241 omrl}
1495 4241 1504 4249 .
1910 4222 1916 4227 .

441 4271 652 4317 minvs
741 4278 750 4287 ·
965 4302 972 4309 .
1837 4314 1845 4321 ,
2003 4324 2011 4333 ‚
2038 4282 2054 4337 j
2119 4263 2153 4317 6
2252 4288 2260 4297 ·
