3052 4823
1018 359 1490 406 PRODIGIORVM
1522 357 1749 400 LIBER.
2397 334 2510 395 121

391 521 609 576 mento
639 512 852 594 legata
883 508 1220 572 Romanis.
1270 507 1599 571 Antiocho
1630 505 1767 588 regi
1810 503 2031 588 Syriae
2061 501 2313 586 ingenti
2343 523 2520 566 exer·

392 614 526 676 citu
569 611 904 675 dimicanti
941 609 1322 672 hirundines
1365 609 1436 670 in
1481 607 1893 672 tabernaculo
1934 605 2163 667 nidum
2204 604 2515 667 fecerunt.

395 736 520 797 quo
549 713 840 796 prodigio
869 711 1163 794 neglecto
1194 710 1510 793 proelium
1550 707 1872 772 commisit
1902 716 1967 770 et
1998 729 2037 770 a
2065 705 2325 770 Parthis
2358 704 2521 769 occi-

397 838 506 879 sus
539 825 658 878 est.

332 948 360 994 5
394 978 446 1004 ,u
484 935 580 996 M.
617 932 839 996 Fuluii
868 931 1084 994 Flacci
1116 930 1437 993 triumuiri
1469 929 1865 993 dissensione
1909 927 1979 988 in
2018 927 2271 1010 legibus
2318 926 2524 988 feren-

395 1033 492 1096 dis
523 1075 578 1102 „
609 1082 623 1096 .
704 1055 946 1116 angues
985 1034 1113 1096 duo
1142 1033 1311 1116 nigri
1342 1033 1413 1095 in
1443 1033 1605 1096 cella
1636 1032 1973 1094 Mineruae
2006 1027 2234 1111 allapsi
2264 1026 2521 1089 ciuilem

397 1137 656 1197 caedem
685 1136 1170 1216 portenderunt.

395 1254 490 1315 M.
540 1253 821 1316 Aemilio
861 1253 1063 1316 Lucio
1107 1253 1372 1316 Aurelio
1428 1275 1589 1316 coss.
1650 1262 1967 1315 nocturna
2026 1257 2407 1330 tempestate
2451 1245 2523 1307 in
2584 1251 2661 1307 29

400 1354 722 1437 Capitolio
768 1354 1012 1437 aliquot
1064 1357 1304 1438 templa
1350 1376 1661 1418 concussa
1705 1328 1879 1416 sunt.
1960 1352 2206 1412 Romae
2250 1359 2314 1411 et
2359 1347 2525 1409 circa
2560 1331 2694 1415 [89]

304 1469 366 1516 10
396 1454 668 1518 fulmine
720 1453 1047 1536 pleraque.
1072 1454 1321 1517 deiecta
1363 1467 1539 1517 sunt.
1617 1456 1829 1516 Aetna
1869 1473 2055 1514 mons
2101 1461 2301 1512 terrae
2340 1458 2524 1511 motu

394 1554 578 1636 ignes
637 1574 828 1635 super
868 1555 1176 1616 uerticem
1217 1556 1346 1618 late
1390 1555 1686 1631 diffudit,
1734 1565 1798 1616 et
1845 1555 1923 1615 ad
1969 1552 2214 1615 insulas
2258 1550 2526 1632 Liparas

353 1683 362 1692 ·
395 1675 568 1716 mare
598 1655 890 1717 efferbuit
921 1666 985 1717 et
1016 1655 1398 1738 quibusdam
1432 1657 1679 1720 adustis
1710 1655 1988 1718 nauibus
2020 1676 2256 1737 uapore
2287 1653 2525 1737 pleros·

397 1777 520 1837 que
551 1755 818 1818 nauales
850 1756 1283 1834 exanimauit,
1330 1757 1605 1839 piscium
1635 1757 1769 1820 uim
1814 1779 2120 1839 magnam
2161 1753 2527 1816 exanimem

399 1855 735 1938 dispersit,
787 1878 946 1939 quos
992 1858 1373 1941 Liparenses
1417 1858 1671 1922 auidius
1716 1858 1925 1941 epulis
1972 1866 2344 1940 appetentes
2376 1877 2526 1916 con-

304 1970 364 2018 15
400 1957 820 2021 taminatione
852 1959 1097 2023 uentris
1131 1962 1519 2043 consumpti,
1555 1961 1647 2022 ita
1676 1971 1750 2022 ut
1780 1982 1952 2022 noua
1980 1957 2353 2041 pestilentia
2383 1978 2528 2020 uas-

399 2070 688 2124 tarentur
710 2061 982 2124 insulae.
1035 2065 1206 2144 quod
1233 2063 1602 2147 prodigium
1633 2061 1999 2146 aruspicum
2029 2081 2333 2142 responso
2366 2056 2528 2121 sedi-

398 2161 676 2240 tionem,
715 2186 878 2246 quae
907 2175 1054 2248 post
1086 2175 1369 2246 tempore
1399 2164 1648 2246 patuit,
1683 2163 2030 2246 portendit.

397 2322 494 2383 M.
533 2321 793 2384 Plautio
826 2323 921 2383 M.
951 2321 1190 2384 Fuluio
1219 2343 1381 2384 coss.
1418 2321 1487 2383 in
1515 2320 1843 2384 arboribus
1874 2322 2089 2402 fruges
2120 2327 2309 2379 natae
2342 2326 2518 2378 sunt.
2590 2328 2667 2383 30

399 2423 538 2485 oleo
591 2431 654 2484 et
696 2424 862 2485 lacte
906 2421 975 2483 in
1007 2424 1280 2486 Veiente
1332 2424 1523 2505 pluit.
1594 2424 1769 2486 bubo
1821 2422 1891 2485 in
1945 2420 2265 2502 Capitolio
2318 2417 2520 2504 uisus.
2564 2406 2624 2491 [9
2636 2406 2698 2491 0]

303 2535 370 2583 20
399 2523 592 2607 Arpis
622 2523 914 2605 lapideus
946 2522 1149 2585 imber
1182 2523 1391 2587 triduo
1421 2567 1475 2593 ,η
1523 2524 1823 2609 apparuit
1854 2525 2246 2587 locustarum
2276 2518 2531 2602 ingenti

400 2624 656 2707 agmine
687 2624 757 2687 in
787 2624 1042 2700 Africa,
1084 2646 1246 2707 quae
1278 2648 1316 2689 a
1347 2636 1541 2689 uento
1573 2626 1643 2688 in
1676 2648 1849 2689 mare
1882 2623 2165 2687 deiectae
2196 2620 2529 2683 fluctibus-

399 2786 428 2833 5
457 2782 518 2835 C.
549 2781 868 2852 Sempronio
908 2782 1006 2835 Μ’.
1051 2784 1299 2853 Aquillio
1343 2801 1480 2837 coss.
1538 2784 1787 2837 excidisse
1818 2788 1976 2853 patet
2016 2782 2035 2851 11
2071 2799 2199 2833 num
2242 2778 2531 2833 dissensio-

397 2876 492 2911 nes
520 2859 546 2911 ?
573 2859 590 2929 ΙΙ
622 2862 683 2912 ΓΟ
719 2860 938 2913 Orosius
963 2876 1013 2925 v,
1051 2864 1110 2914 10
1146 2860 1249 2914 ‘M.
1277 2862 1513 2915 Aemilio
1541 2865 1605 2915 L.
1637 2863 1826 2915 Oreste
1867 2878 2005 2913 coss
2042 2861 2223 2912 Aetna
2248 2865 2402 2911 uasto
2430 2864 2536 2909 tre·

395 2955 545 2991 more
572 2956 833 2991 concussa
855 2940 1158 2992 exundauit
1184 2940 1359 3009 igneis
1383 2940 1591 3009 globis,
1634 2956 1928 3007 rursusque
1954 2937 2060 2989 alio
2087 2936 2174 2989 die
2212 2935 2411 3005 Lipara
2448 2933 2532 2986 in-

400 3015 519 3066 sula
543 3021 598 3067 et
621 3016 866 3067 uicinum
891 3016 1031 3068 circa
1067 3034 1183 3068 eam
1217 3034 1362 3069 mare
1396 3018 1452 3069 in
1489 3023 1705 3069 tantum
1745 3015 2022 3078 efferbuit,
2067 3020 2130 3067 ut
2153 3013 2373 3065 adustas
2400 3028 2533 3080 quo-

394 3108 498 3159 que
533 3108 696 3158 rupes
734 3092 1074 3155 dissoluerit,
1116 3093 1362 3144 tabulata
1399 3093 1623 3145 nauium
1660 3092 1963 3161 liquefactis
2002 3090 2137 3143 ceris
2182 3088 2527 3151 extorruerit,

397 3166 730 3220 exanimatos
764 3168 938 3236 pisces
980 3176 1500 3238 supernatantesque
1538 3171 1841 3233 excoxerit,
1890 3170 2136 3221 homines
2162 3186 2397 3238 quoque,
2426 3167 2530 3220 nisi

398 3244 492 3313 qui
515 3244 734 3313 longius
758 3253 984 3314 potuere
1010 3245 1273 3314 diffugere
1288 3284 1301 3309 ,
1330 3246 1669 3314 reciprocatu
1696 3248 1940 3299 anhelitu
1966 3247 2129 3300 calidi
2153 3248 2291 3300 aeris
2316 3247 2530 3299 adustis

397 3321 691 3374 introrsum
727 3323 988 3377 uitalibus
1034 3322 1345 3377 suffocarit.³
1389 3325 1406 3394 [Ι
1451 3328 1506 3376 11
1547 3325 1753 3379 insulas
1788 3326 1982 3395 scripsi
1996 3347 2014 3376 .-
2074 3326 2308 3379 insulam
2346 3326 2423 3395 ass
2466 3329 2526 3377 17

397 3408 640 3467 tempore
663 3400 858 3468 scripsi
867 3421 885 3450 .·
927 3408 1171 3471 tempora
1194 3421 1229 3455 a
1255 3403 1272 3470 ss
1317 3406 1377 3455 18
1415 3402 1496 3455 M.
1538 3403 1758 3457 Plautio
1792 3405 2193 3475 Oudendorpius
2211 3427 2229 3457 .·
2266 3406 2330 3457 P.
2368 3406 2534 3457 Plau-

395 3475 474 3529 tio
501 3495 535 3528 a
561 3478 578 3547 ΙΙ
605 3482 671 3530 20
695 3479 919 3548 rapidus
944 3479 1077 3533 fiber
1121 3481 1524 3551 Oudendovpius
1551 3482 1567 3551 ΙΙ
1605 3484 1678 3551 cf.
1718 3484 1855 3537 Liui
1879 3502 2001 3553 per.
2040 3498 2137 3537 Lx.
2189 3485 2531 3554 Anyto-§tinus

398 3554 460 3607 de
484 3554 700 3608 ciuitate
723 3556 810 3609 dei
829 3568 904 3608 111
922 3596 934 3620 ,
964 3560 1024 3610 31
1064 3556 1413 3611 ‘locustarum
1440 3559 1603 3611 etiam
1629 3560 1686 3612 in
1709 3562 1894 3613 Africa
1918 3561 2324 3614 multitudinem
2350 3563 2531 3631 prodi-

401 3632 478 3699 gii
516 3632 746 3685 similem
781 3633 978 3697 fuisse,
1044 3652 1164 3687 cum
1200 3635 1307 3687 iam
1343 3646 1486 3688 esset
1521 3638 1758 3690 Romani
1792 3638 1983 3707 populi
2018 3638 2299 3707 prouincia
2334 3638 2531 3690 litteris

397 3710 812 3762 mandauerunt.
843 3710 1176 3781 consumptis
1213 3712 1356 3764 enim
1405 3712 1672 3765 fructibus
1711 3715 1964 3783 foliisque
2004 3714 2277 3782 lignorum
2318 3714 2531 3781 ingenti

397 3795 560 3855 atque
602 3787 984 3840 inaestimabili
1020 3788 1164 3840 nube
1203 3789 1260 3839 in
1298 3805 1446 3841 mare
1471 3789 1664 3841 dicunt
1690 3806 1803 3841 esse
1845 3790 2127 3841 deiectam.
2169 3807 2276 3858 qua
2310 3796 2527 3842 mortua

400 3864 718 3933 redditaque
754 3865 1006 3918 litoribus
1045 3874 1209 3935 atque
1234 3867 1361 3918 hinc
1387 3884 1508 3919 aere
1555 3872 1809 3935 corrupto
1844 3874 2057 3919 tantam.
2079 3874 2250 3919 ortam
2274 3868 2532 3936 pestilen-

396 3936 527 3988 tiam
554 3937 778 4001 dicunt,
819 3946 882 3991 ut
920 3939 973 3991 in
1002 3938 1118 3990 solo
1153 3956 1324 4007 regno
1353 3938 1675 3993 Masinissae
1712 3941 2025 4009 octingenta
2062 3942 2341 3995 hominum
2380 3943 2533 3995 milia

397 4013 597 4081 perisse
629 4014 934 4067 referantur
974 4022 1029 4067 et
1054 4015 1226 4067 multo
1251 4016 1524 4103 amplius‘
1509 4034 1569 4068 111
1609 4017 1768 4069 terris
1802 4016 2054 4071 litoribus
2078 4020 2357 4090 proximis.
2398 4028 2530 4073 tunc

399 4084 594 4142 Vticae
609 4108 677 4143 ex
701 4091 930 4159 triginta
953 4091 1213 4144 milibus'
1197 4092 1490 4155 iuniorum,
1521 4110 1658 4162 quae
1685 4094 1760 4145 ibi
1785 4103 1970 4160 erant,
2000 4098 2183 4151 decem
2209 4098 2532 4151 remansisse

398 4166 752 4221 confirssmant
785 4172 802 4238 ΙΙ
827 4169 1072 4239 ingentia
1097 4171 1314 4239 agmina
1338 4172 1695 4240 Lycosthenes
1721 4173 1739 4243 [Ι
1767 4176 1823 4225 21
1859 4175 2117 4229 deuectae
2141 4176 2409 4229 Heinsius
2436 4181 2453 4247 {l
2532 4241 2537 4247 ἠ

3013 3 3041 78 -..-ι“
