3052 4823
1101 331 1163 373 r.
1200 330 1344 374 L1v1
1375 328 1741 373 ox-—cxn1.
2299 306 2301 309 ’
2412 310 2495 372 97

367 492 595 567 gatum
609 529 629 557 ,
675 479 748 542 in
777 477 1084 541 nauicula
1125 489 1276 543 ante
1307 501 1502 563 quam
1532 477 1603 540 in
1633 490 1869 542 terram
1898 478 2123 542 exiret.
2199 479 2501 545 Cornelia

367 605 531 647 uxor
559 592 624 645 et
669 582 822 646 Sex.
873 580 1220 664 Pompeius
1261 581 1438 644 filius
1483 582 1744 663 Cypron
1786 580 2183 663 refiigerunt.
2262 583 2501 646 Caesar

367 695 515 769 post
543 683 811 747 tertium
841 682 1012 746 diem
1042 682 1399 759 insecutus,
1434 704 1586 746 cum
1608 682 1669 745 ei
1691 682 2065 747 Theodotus
2090 686 2499 771 caput'Pom·

371 786 478 870 pei
508 795 572 849 et
631 784 901 848 anulum
947 783 1317 861 obtulisset,
1381 784 1673 847 infensus
1715 794 1813 848 est
1852 794 1916 848 et
1956 785 2413 850 inlacrimauit.
2470 814 2507 849 κ

311 902 342 951 5
375 888 515 951 sine
544 886 830 971 periculo
860 885 1326 950 Alexandriam
1351 873 1865 951 'tumultuantem
1893 886 2187 951 intrauit.
2266 888 2503 951 Caesar

372 989 647 1052 dictator
675 997 927 1053 creatus
961 977 1373 1071 Cleopatram
1412 988 1484 1050 in
1525 1010 1799 1072 regnum
1827 990 2110 1074 Aegypti
2151 989 2408 1053 reduxit
2437 1000 2503 1052 et

325 1163 330 1167 ‚
373 1090 759 1154 inferentem
801 1088 1048 1152 bellum
1079 1089 1526 1153 Ptolemaeum
1566 1090 1771 1154 isdem
1818 1092 2182 1155 auctoribus
2198 1140 2219 1169 ,
2270 1092 2503 1175 quibus

377 1192 764 1275 Pompeium
792 1192 1234 1269 interfecerat,
1283 1214 1434 1255 cum
1469 1214 1709 1276 magno
1754 1215 1871 1256 suo
1914 1194 2282 1257 discrimine
2314 1194 2495 1256 uicit.

375 1296 785 1359 Ptolemaeus
827 1298 984 1358 dum
1030 1295 1199 1377 fugit
1217 1319 1242 1370 ,·
1301 1294 1374 1356 in
1416 1294 1573 1358 Nilo
1603 1295 1911 1359 nauicula
1950 1296 2261 1359 subsedit.
2324 1318 2505 1379 prae-

280 1409 344 1458 10
377 1407 548 1461 terea
587 1396 980 1461 laboriosum
1025 1396 1120 1459 M.
1175 1396 1440 1460 Catonis
1471 1396 1543 1459 in
1571 1396 1790 1459 Africa
1818 1407 1933 1480 per
1960 1400 2210 1461 deserta
2238 1419 2388 1459 cum
2416 1397 2505 1459 le·-

372 1498 672 1583 gionibus
703 1499 828 1562 iter
867 1512 934 1562 et
973 1498 1221 1562 bellum
1266 1520 1306 1561 a
1348 1498 1470 1562 On.
1508 1498 1800 1563 Domitio
1831 1502 2138 1563 aduersus
2172 1499 2497 1561 Phraaten

378 1623 612 1685 parum
639 1622 938 1684 prospere
969 1609 1225 1684 gestum
1256 1598 1569 1663 continet.

2536 1484 2581 1529 L.

1025 1872 1030 1879 ,
1073 1820 1079 1827 ·
1121 1806 1250 1871 EX
1293 1805 1469 1869 LIB.
1520 1804 1763 1868 CXIII
1932 1856 1940 1860 .

657 1940 821 2008 QVI
869 1941 1035 2004 EST
1080 1941 1351 2005 BELLI
1399 1940 1740 2006 CIVILIS
1787 1940 2217 2008 QVINTVS.

286 2122 348 2171 15
379 2108 792 2172 Confirmatis
838 2108 910 2171 in
951 2108 1172 2172 Africa
1214 2094 1641 2194 Pompeianis⁹
1666 2110 1956 2195 partibus
2009 2110 2354 2193 imperium
2406 2133 2509 2173 ea-

385 2232 532 2272 rum
565 2212 644 2273 P.
684 2210 973 2293 Scipioni
1003 2212 1290 2274 delatum
1323 2223 1444 2288 est,
1480 2213 1753 2287 Catone,
1790 2211 1895 2274 cui
1926 2234 2007 2273 ex
2036 2234 2237 2295 aequo
2270 2212 2507 2276 defere-

382 2314 572 2375 batur
613 2312 977 2395 imperium,
1013 2314 1301 2375 cedente.
1353 2327 1418 2375 et
1449 2335 1599 2375 cum
1644 2315 1723 2375 de
1754 2313 2067 2376 diruenda
2109 2315 2265 2377 urbe
2316 2314 2509 2378 Vtica

380 2425 638 2499 propter
679 2415 970 2478 fauorem
1009 2414 1294 2477 ciuitatis
1339 2415 1476 2478 eius
1525 2415 1596 2477 in
1639 2417 1979 2479 Caesarem
2022 2415 2503 2492 deliberaretur,

382 2517 574 2600 idque
605 2538 688 2578 ne
715 2519 898 2579 fieret
929 2518 1025 2579 M.
1063 2516 1226 2580 Cato
1259 2516 1573 2579 tenuisset
1592 2565 1607 2592 ,
1660 2518 1827 2579 Iuba
1857 2519 2166 2580 suadente
2197 2527 2272 2581 ut
2302 2515 2511 2580 dirue-

285 2629 351 2679 20
381 2628 578 2693 retur,
615 2618 823 2681 tutela
853 2617 990 2682 eius
1021 2628 1086 2681 et
1115 2618 1408 2682 custodia
1423 2619 1729 2682 mandata
1758 2629 1857 2683 est
1873 2619 2127 2683 Catoni.
2165 2621 2288 2685 Cn.
2318 2621 2512 2684 Pom-

382 2720 566 2803 peius
598 2720 829 2804 Magni
863 2720 1038 2784 filius
1073 2720 1143 2783 in
1182 2720 1508 2807 Hispania
1532 2721 1883 2790 ‚contractis
1915 2721 2164 2810 uiribus
2184 2771 2203 2800 ,
2238 2745 2512 2806 quarum

384 2824 694 2885 ducatum
723 2843 842 2884 nec
871 2822 1179 2886 Afranius
1211 2845 1330 2886 nec
1361 2823 1661 2888 Petreius
1692 2823 1983 2906 excipere
2014 2825 2345 2902 uolebant,
2378 2827 2511 2889 bel-

384 2923 524 2984 lum
554 2923 860 2986 aduersus
893 2924 1231 2987 Caesarem
1272 2925 1635 2988 renouauit.
1705 2925 2068 2989 Pharnaces
2111 2926 2512 2990 Mithridatis

383 3024 595 3097 filius,
632 3045 745 3085 rex
777 3023 1009 3097 Ponti,
1073 3024 1212 3086 sine
1243 3025 1379 3088 ulla
1405 3025 1563 3088 belli
1590 3047 1769 3086 mora
1796 3025 2009 3088 uictus
2040 3037 2159 3088 est.
2239 3048 2388 3088 cum
2418 3049 2513 3090 se-

287 3134 352 3182 25
385 3121 658 3184 ditiones
690 3123 937 3184 Romae
984 3145 1022 3185 a
1053 3125 1131 3187 P.
1168 3124 1507 3188 Dolabella
1538 3137 1616 3187 tr.
1653 3125 1743 3206 pl.
1780 3125 1991 3206 legem
2019 3125 2261 3188 ferente
2291 3128 2369 3188 de
2399 3151 2515 3190 no-

389 3221 490 3283 uis
522 3222 758 3284 tabulis
789 3222 1104 3286 excitatae
1155 3235 1368 3288 essent
1412 3236 1478 3288 et
1507 3248 1589 3288 ex
1620 3247 1695 3287 ea
1723 3245 1917 3288 causa
1944 3226 2129 3308 plebs
2161 3228 2513 3291 tumultua-

386 3333 596 3399 retur,
655 3323 938 3388 inductis
983 3347 1023 3388 a
1053 3326 1147 3389 M.
1185 3327 1474 3390 Antonio
1518 3325 1828 3409 magistro
1868 3327 2159 3410 equitum
2189 3329 2260 3392 in
2288 3332 2515 3396 urbem

394 3425 708 3490 militibus
739 3426 1098 3510 octingenti
1143 3451 1177 3492 e
1221 3429 1408 3512 plebe
1451 3427 1621 3492 caesi
1661 3438 1835 3492 sunt.
1914 3430 2149 3494 Caesar
2188 3435 2513 3500 ueteranis

387 3686 416 3734 2
444 3686 661 3755 pompei
683 3698 767 3749 Νς
791 3687 808 3756 ΙΙ
835 3687 892 3739 in
919 3687 1156 3758 Cyprum
1179 3704 1210 3738 r
1235 3686 1254 3756 ΙΙ
1279 3689 1309 3738 3
1338 3687 1636 3740 theodorus
1675 3706 1741 3750 ςν
1766 3687 1783 3757 11
1812 3692 1841 3740 4
1876 3697 1931 3742 et
1965 3689 2210 3745 infensus
2244 3709 2277 3744 r
2302 3692 2319 3762 [Ι
2347 3693 2513 3747 offen-

387 3776 480 3812 sus
524 3762 828 3814 Gronouiua
858 3763 876 3831 ΙΙ
905 3769 936 3816 6
966 3781 1065 3816 nee
1113 3763 1230 3816 sine
1275 3762 1579 3816 Gronovius
1616 3765 1634 3834 ΙΙ
1662 3768 1690 3817 Ί
1740 3764 1931 3820 iisdem
1979 3769 2292 3823 auctoribus
2334 3771 2515 3825 Ptole-

383 3849 598 3888 maeum
622 3854 653 3888 r
679 3838 696 3905 u
726 3840 756 3888 8
792 3839 1028 3890 maximo
1053 3856 1085 3890 r
1109 3841 1127 3909 u
1160 3843 1215 3891 11
1247 3857 1280 3892 a
1301 3859 1385 3893 om
1408 3852 1460 3892 N
1480 3839 1498 3909 ΙΙ
1526 3849 1715 3894 contra
1738 3860 1770 3894 r
1794 3842 1811 3908 ΙΙ
1836 3845 2099 3912 prabaten
2121 3858 2197 3910 N,
2253 3847 2513 3916 phi-ahar-

387 3918 498 3964 tem
524 3930 556 3964 r
580 3914 598 3983 ΙΙ
630 3917 690 3966 15
711 3915 900 3966 Earum
925 3916 1212 3985 imperium
1237 3935 1268 3970 r
1293 3919 1310 3988 ss
1343 3921 1405 3970 16
1431 3917 1613 3970 catoni
1634 3918 1724 3987 Nss
1752 3923 1818 3972 20
1843 3921 1899 3973 in
1935 3924 2152 3992 pompei
2182 3937 2269 3987 Νς
2285 3965 2299 3988 ,
2352 3927 2513 3980 Pom-

389 3992 499 4062 peii
523 4010 554 4044 r
580 3995 597 4063 ss
623 3997 686 4046 21
716 3993 884 4046 filium
924 3995 1009 4062 Nn
1037 3998 1102 4048 22
1137 3997 1408 4050 africanus
1445 4008 1492 4049 Ν
1528 3996 1547 4066 ΙΙ
1584 3999 1651 4050 24
1687 4014 1785 4050 rex
1821 3999 1985 4053 Ponti
2016 4001 2344 4069 Moquntina
2365 4026 2383 4056 .·
2444 4023 2514 4059 ex

388 4079 558 4142 ponto
593 4085 710 4136 Νςν
735 4073 752 4142 [Ι
779 4075 845 4126 28
883 4073 1184 4143 octingenti
1224 4094 1253 4129 e
1300 4075 1458 4146 plebe
1505 4075 1841 4128 Frobem'ue:
1900 4078 2227 4147 octingentis
2276 4098 2309 4134 a
2355 4083 2512 4151 plebe

387 4164 502 4214 Νςν
527 4153 544 4221 ΙΙ
1480 4177 1496 4192 ·

471 4250 680 4291 LIVIVS.
2147 4252 2179 4304 7
