3052 4823
513 353 594 416 60
1387 375 1770 418 PERIOCHAE

511 523 700 585 rebus
751 521 822 585 in
864 522 1190 605 Hispania
1240 545 1541 607 prospere
1583 499 1781 607 gestis
1837 523 2051 587 labem
2108 523 2420 607 imposuit
2485 547 2645 609 pace

512 645 662 704 cum
690 623 942 688 Viriato
971 624 1190 707 aequis
1223 625 1708 689 condicionibus
1731 627 1923 688 facta.
1970 625 2264 690 Viriatus
2295 648 2334 689 a
2361 627 2645 710 prodito-

511 725 688 788 ribus
720 723 987 789 consilio
1019 725 1255 789 Seruili
1286 728 1629 811 Caepionis
1671 727 2051 791 interfectus
2098 737 2196 790 est
2240 737 2305 790 et
2336 729 2415 790 ab
2460 731 2636 791 exer-

491 827 649 890 ‘citu
707 849 825 892 suo
884 829 1168 892 multum
1209 831 1641 913 comploratus
1686 853 1759 894 ac
1814 828 2116 893 nobiliter
2136 824 2491 912 sepultus3
2542 829 2645 891 uir

515 931 773 1012 dux-que
802 951 1077 1013 magnus
1109 940 1174 993 et
1215 953 1329 1014 per
1365 951 1531 994 xnn
1576 953 1816 1008 annOS,
1864 931 2098 1014 quibus
2142 951 2290 993 cum
2334 931 2649 994 Romanis
2682 945 2716 991 5

513 1031 760 1093 bellum
788 1030 1022 1114 gessit,
1057 1033 1454 1115 frequentius
1487 1032 1794 1116 superior.

1307 1313 1435 1375 EX
1481 1313 1657 1376 LIB.
1710 1314 1851 1376 LV.

521 1531 599 1592 P.
639 1530 939 1595 Cornelio
970 1532 1249 1610 Nasica,
1291 1521 1428 1597 ‘cui'
1453 1556 1811 1618 cognomen
1858 1531 2169 1616 Serapion
2209 1531 2335 1593 fuit
2372 1534 2452 1595 ab
2495 1528 2651 1594 inri-

519 1633 712 1694 dente
743 1633 1033 1698 Curiatio
1079 1635 1225 1698 trib.
1260 1637 1432 1718 pleb.
1469 1637 1827 1719 inpositum
1848 1684 1867 1712 ,
1913 1644 1980 1697 et
2023 1634 2182 1697 Dec.
2220 1633 2414 1696 Iunio
2444 1637 2650 1696 Bruto

519 1756 649 1796 cos.
700 1734 1010 1797 dilectum
1066 1736 1454 1800 habentibus
1499 1737 1571 1799 in
1617 1748 1965 1822 conspectu
2011 1735 2295 1798 tironum
2336 1757 2436 1798 res
2482 1735 2652 1798 salu·
2690 1746 2756 1795 10

519 1835 780 1898 berrimi
810 1837 1091 1919 exempli
1135 1839 1307 1901 facta
1337 1848 1454 1902 est.
1517 1861 1673 1902 nam
1703 1841 1779 1903 C.
1818 1837 2149 1901 Matienus
2182 1846 2520 1900 accusatus
2553 1845 2654 1898 est

519 1946 678 2019 aput
708 1935 999 2001 tribunos
1029 1938 1259 2022 plebis,
1296 1941 1466 2022 quod
1496 1941 1850 2003 exercitum
1881 1940 1951 2002 in
1981 1937 2309 2022 Hispania
2339 1937 2649 2000 deseruis-

519 2047 640 2114 set,
676 2039 1142 2122 damnatusque
1173 2042 1294 2103 sub
1323 2041 1504 2104 furca
1519 2042 1637 2104 diu
1662 2042 1863 2125 uirgis
1894 2063 2117 2107 caesus
2139 2052 2236 2106 est
2265 2053 2329 2106 et
2361 2038 2651 2108 sestertio

519 2162 789 2204 nummo
819 2141 1049 2204 ueniit.
1088 2141 1334 2204 tribuni
1361 2142 1568 2224 plebis
1601 2143 1754 2229 quia
1783 2165 1916 2206 non
1945 2144 2387 2238 impetrarent,
2424 2151 2499 2240 ut
2530 2139 2653 2204 sibi

521 2245 719 2332 denos
751 2265 912 2326 quos
943 2243 1190 2306 uellent
1218 2243 1457 2316 milites
1489 2244 1768 2308 eximere
1797 2244 2053 2322 liceret,
2090 2233 2434 2308 consules
2415 2265 2483 2304 111
2516 2265 2649 2306 car·
2687 2255 2752 2304 15

521 2365 729 2406 cerem
760 2343 909 2406 duci
953 2344 1299 2408 iusserunt.
1363 2347 1597 2409 Iunius
1639 2350 1881 2410 Brutus
1922 2367 2050 2409 cos.
2096 2345 2167 2409 in
2198 2345 2525 2431 Hispania
2553 2345 2646 2408 eis

523 2446 635 2529 qui
664 2448 788 2512 sub
809 2446 1058 2511 Viriato
1088 2447 1531 2512 militauerant
1561 2470 1744 2531 agros
1775 2458 1840 2511 et
1886 2448 2196 2532 oppidum
2226 2447 2439 2524 dedit,
2484 2449 2656 2531 quod

523 2557 828 2611 uocatum
871 2559 968 2611 est
1013 2550 1338 2614 Valentia.
1420 2551 1517 2612 M.
1573 2550 1868 2631 Popilius
1913 2572 1951 2613 a
1996 2549 2457 2645 Numantinis,
2505 2570 2655 2611 cum

522 2650 755 2731 quibus
786 2672 1011 2732 pacem
1040 2651 1277 2714 factam
1315 2651 1581 2714 inritam
1620 2651 1762 2713 fieri
1793 2662 2055 2715 senatus
2086 2660 2423 2714 censuerat
2440 2697 2459 2725 ,
2505 2670 2656 2711 cum

523 2751 806 2813 exercitu
836 2752 1016 2814 fusus
1047 2752 1434 2834 fugatusque
1465 2762 1584 2814 est.
1634 2753 1710 2815 C.
1742 2753 2028 2820 Hostilio
2054 2751 2361 2815 Mancino
2390 2773 2520 2814 cos·
2557 2773 2653 2814 sa·
2687 2763 2756 2813 20

449 2912 458 2939 ζ
523 2851 851 2913 crificante
879 2852 1064 2947 pulli
1077 2874 1157 2913 ex
1186 2874 1383 2915 cauea
1423 2855 1883 2942 euolauerun3t
1936 2853 2394 2917 conscendenti
2424 2851 2656 2916 deinde

451 2991 456 2999 ·
522 2974 758 3017 nauem
808 2963 902 3020 ut
933 2952 1004 3015 in
1025 2938 1461 3069 Hispaniam
1464 2927 2046 3037 proficisceretur,
2079 2955 2312 3017 accidit
2356 2982 2392 3016 ιι
2436 2947 2656 3016 ‘mane

451 3077 458 3132 3
524 3047 900 3118 Mancine''
934 3077 1096 3137 quae
1121 3056 1409 3139 auspicia
1434 3055 1643 3118 tristia
1666 3057 1864 3121 fuisse
1888 3068 2137 3121 euentu
2158 3058 2502 3139 probatum
2530 3068 2648 3119 est.

443 3155 456 3217 Ξ
523 3156 738 3220 uictus
791 3156 964 3218 enim
1016 3179 1054 3219 a
1105 3158 1530 3220 Numantinis
1584 3168 1649 3221 et
1701 3158 1925 3221 castris
1977 3168 2213 3221 exutus
2232 3205 2251 3232 ,
2308 3179 2459 3220 cum
2514 3179 2657 3239 spes

521 3258 706 3319 nulla
737 3252 1038 3321 seruandi
1069 3259 1386 3322 exercitus
1417 3270 1606 3336 esset,
1641 3281 1866 3342 pacem
1896 3281 2045 3323 cum
2075 3259 2166 3322 eis
2197 3258 2351 3321 fecit
2381 3259 2656 3342 ignomi-
2689 3272 2757 3321 25

524 3357 775 3425 niosam
793 3405 812 3433 ‚
878 3381 1073 3441 quam
1100 3370 1307 3422 ratam
1340 3379 1474 3422 esse
1505 3358 1767 3424 senatus
1798 3362 2033 3426 uetuit.
2110 3382 2303 3425 xxxx
2330 3362 2657 3425 Romano—

523 3478 668 3521 rum
700 3481 737 3521 a
766 3460 1317 3524 Numantinorum
1349 3450 1477 3524 1'111'
1494 3462 1670 3525 uicta
1712 3474 1947 3557 erant„N
1980 3465 2139 3526 Dec.
2191 3462 2426 3526 Iunius
2468 3460 2655 3525 Lusi—

529 3726 550 3775 1
581 3741 768 3793 pacem
791 3736 840 3778 N
862 3723 880 3796 11
910 3729 938 3778 3
963 3725 1321 3799 interemptus
1345 3747 1376 3782 r
1401 3729 1419 3800 11
1447 3729 1690 3784 exercitu
1726 3728 1842 3783 eius
1868 3746 1935 3792 ςν
1961 3729 1979 3801 1}
2007 3734 2038 3781 4
2063 3728 2402 3783 nobilissime
2426 3730 2658 3783 tumula-

524 3809 612 3856 tus
632 3821 668 3855 r
693 3802 768 3874 115
796 3803 1016 3873 duxque
1042 3821 1185 3858 max.
1215 3824 1311 3875 per
1335 3814 1588 3877 quartum
1628 3807 1898 3861 decimum
1922 3825 2126 3861 annum
2151 3826 2183 3861 r
2208 3806 2226 3875 11
2254 3810 2283 3858 8
2310 3807 2380 3859 A.
2411 3806 2663 3859 Cornelio

522 3901 554 3936 r
578 3883 596 3954 ῃ
623 3885 654 3935 9
679 3882 854 3936 tribus
878 3894 930 3935 N
950 3883 968 3953 11
999 3886 1060 3936 13
1101 3891 1156 3937 et
1198 3903 1282 3937 om
1318 3897 1370 3938 N
1391 3887 1408 3955 ΙΙ
1441 3890 1501 3938 14
1538 3886 1692 3938 uenit
1732 3904 1797 3949 ςν
1822 3886 1841 3956 ss
1867 3886 2228 3955 impetrarunt
2267 3902 2332 3947 ςν
2358 3885 2376 3954 ΙΙ
2408 3888 2473 3938 16
2516 3884 2659 3937 mitti

523 3977 555 4012 r
579 3960 597 4030 ss
630 3963 689 4012 17
715 3978 876 4030 agros
901 3962 1271 4033 oppidumque
1291 3981 1321 4016 r
1347 3964 1365 4034 11
1396 3968 1456 4017 18
1470 3964 1723 4017 Valentia
1741 3971 1995 4017 uocatum
2008 3972 2137 4018 estr
2162 3965 2180 4035 ss
2212 3967 2273 4017 19
2302 3971 2522 4017 senatus
2548 3964 2664 4016 irri-

525 4044 637 4091 tam
663 4045 945 4093 censuerat
971 4048 1038 4102 ςν
1063 4039 1081 4109 ΙΙ
1109 4044 1176 4093 20
1200 4048 1284 4094 est
1306 4060 1390 4093 om
1415 4061 1447 4096 r
1473 4042 1490 4112 ΙΙ
1519 4045 1582 4093 22
1610 4042 1667 4094 in
1694 4042 1878 4095 nauim
1903 4060 1935 4095 r
1960 4042 1979 4113 ss
2005 4042 2205 4095 accidit
2230 4058 2339 4094 uox
2369 4059 2433 4104 ς,
2464 4041 2664 4094 accidit

525 4115 703 4169 audiri
728 4133 759 4167 r
783 4116 802 4185 ss
827 4134 985 4170 mane
1009 4134 1167 4171 mane
1192 4120 1449 4172 Mancine
1473 4136 1504 4170 r
1531 4118 1548 4188 ss
1577 4122 1639 4171 23
1668 4125 1871 4172 euentu
1882 4137 1967 4171 om
1987 4137 2017 4172 r
2043 4120 2061 4190 ΙΙ
2088 4125 2398 4190 promptum
2424 4130 2507 4182 Νς
2532 4119 2551 4187 ΙΙ
2578 4124 2661 4171 est

525 4198 582 4244 et
616 4202 668 4243 N
688 4191 706 4260 ΙΙ
736 4195 800 4245 26
839 4201 1059 4247 senatus
1099 4196 1254 4249 uenit
1290 4214 1321 4248 r
1346 4196 1364 4265 ΙΙ
1391 4210 1517 4249 xxx
1556 4192 1708 4249 milia
1750 4197 1857 4267 ςνΙΙ
