3052 4823
516 342 598 404 86
1388 356 1773 401 PERIocHAE

514 510 768 575 uine-iae
790 508 1062 572 formam
1084 510 1416 571 redactum
1440 520 1560 572 est.
1613 506 2023 572 Mithridates
2046 508 2299 573 foedere
2322 531 2471 573 cum
2502 510 2647 574 Ser·

517 612 680 677 torio
730 612 859 675 icto
902 609 1148 673 bellum
1185 609 1425 693 populo
1464 612 1764 674 Romano
1806 610 2053 673 intulit.
2118 622 2463 695 apparatus
2494 612 2646 676 dein

515 715 834 798 regiarum
875 711 1205 795 copiarum
1247 712 1643 793 pedestrium
1682 711 2179 795 naualiumque3
2230 725 2295 777 et
2337 726 2650 798 occupata

515 816 830 901 Bithynia
873 816 970 877 M.
1004 813 1308 876 Aurelius
1340 814 1534 876 Cotta
1574 836 1704 877 cOS.
1744 815 1826 876 ad
1869 815 2281 879 Calchedona
2321 817 2565 898 proelio
2607 840 2647 879 a

515 942 665 1003 rege
696 918 910 981 uictus
927 942 946 992 3
995 937 1224 997 resque
1255 936 1294 977 a
1324 915 1635 999 Pompeio
1678 925 1742 977 et
1783 917 2052 980 Metello
2096 919 2403 980 aduersus
2438 918 2650 981 Serto·
2682 931 2714 980 5

516 1021 688 1085 rium
716 1061 772 1089 *-
811 1017 1111 1083 omnibus
1139 1016 1296 1079 belli
1324 1015 1722 1100 militiaeque
1754 1017 1997 1081 artibus
2026 1041 2142 1102 par
2162 1018 2289 1082 fuit
2302 1066 2324 1095 ‚
2381 1046 2416 1081 ιε
2459 1030 2524 1082 et
2565 1021 2647 1083 ab

519 1121 852 1186 obsidione
897 1118 1236 1203 Calaguris
1288 1117 1511 1201 oppidi
1554 1119 1853 1202 depulsos
1898 1120 2176 1203 coegerit
2223 1120 2508 1185 diuersas
2553 1144 2649 1185 re-

516 1224 740 1309 giones
768 1233 1007 1307 petere,
1041 1221 1384 1286 Metellum
1413 1220 1780 1285 ulteriorem
1810 1221 2228 1306 Hispaniam,
2263 1223 2651 1306 Pompeium

521 1326 826 1391 Galliam.

1239 1560 1369 1625 EX
1412 1560 1589 1622 LIB.
1636 1559 1941 1622 XCIIII.
2687 1573 2754 1623 10

523 1735 601 1796 L.
637 1732 929 1795 Licinius
971 1730 1288 1798 Lucullus
1333 1751 1462 1792 cos.
1513 1730 1823 1819 aduersus
1867 1727 2297 1792 Mithridaten
2342 1730 2650 1813 equestri-

517 1835 642 1897 bus
670 1832 928 1916 proeliis
957 1831 1228 1894 feliciter
1255 1830 1579 1913 pugnauit
1622 1814 1701 1892 et·
1728 1829 1987 1912 aliquod
2028 1829 2467 1912 expeditiones
2506 1855 2650 1916 pro-

521 1956 735 2018 speras
774 1934 928 1997 fecit
955 1927 1418 2016 poscentesque
1447 1954 1737 2015 pugnam
1773 1930 2011 1995 milites
2057 1953 2097 1994 a
2124 1932 2437 1997 seditione
2480 1934 2652 1997 inhi-

520 2036 685 2099 buit.
736 2036 1081 2099 Deiotarus
1113 2034 1600 2117 Gallograeciae
1629 2033 1979 2097 tetrarches
2008 2034 2359 2117 praefectos
2392 2035 2652 2099 Mithri-

523 2137 690 2201 datis
716 2136 963 2201 bellum
991 2137 1063 2199 in
1095 2136 1382 2220 Phrygia
1416 2147 1752 2199 mouentes
1798 2133 2052 2199 cecidit.
2116 2148 2443 2219 praeterea
2485 2159 2584 2201 res
2614 2160 2653 2201 a
2686 2150 2751 2200 15

397 2297 407 2305 ,
523 2241 647 2304 Cn.
686 2239 997 2325 Pompeio
1025 2238 1096 2303 in
1125 2238 1454 2323 Hispania
1481 2249 1707 2301 contra
1730 2236 2085 2301 Sertorium
2114 2260 2411 2322 prospere
2439 2249 2654 2322 gestas

523 2341 835 2407 continet.

1283 2580 1413 2643 Ex
1457 2580 1633 2642 LIB.
1683 2577 1895 2673 xcv.

525 2751 602 2814 C.
653 2749 851 2815 Curio
893 2771 1138 2832 procos.
1189 2750 1529 2812 Dardanos
1574 2747 1647 2809 in
1692 2745 1968 2810 Thracia
2010 2746 2282 2810 domuit.
2350 2756 2657 2830 quattuor

525 2863 589 2914 et
620 2851 1030 2935 septuaginta
1059 2851 1442 2935 gladiatores
1475 2852 1739 2933 Capuae
1770 2870 1851 2911 ex
1879 2849 2035 2912 ludo
2064 2848 2331 2911 Lentuli
2359 2849 2658 2932 profuge·
2688 2860 2757 2910 20

522 2963 678 3018 runt
719 2962 784 3020 et
827 2963 1213 3037 congregata
1257 2953 1669 3017 seruitiorum
1712 2951 2313 3034 ergastulorumque
2359 2951 2655 3013 multitu-

524 3055 676 3120 dine
720 3054 914 3119 Crixo
959 3065 1024 3118 et
1078 3055 1385 3138 Spartaco
1436 3055 1709 3118 ducibus
1762 3053 1933 3116 bello
1979 3053 2258 3116 excitato
2307 3052 2659 3117 Claudium

525 3157 885 3221 Pulchrum
912 3157 1202 3242 legatum
1234 3168 1299 3222 et
1329 3159 1407 3220 P.
1444 3160 1779 3224 Varenum
1822 3165 2182 3239 praetorem
2211 3154 2455 3238 proelio
2484 3144 2665 3216 uicess

521 3269 697 3322 runt.
773 3260 850 3321 L.
900 3259 1216 3322 Lucullus
1260 3280 1508 3341 procos.
1562 3261 1641 3322 ad
1686 3257 1990 3342 Cyzicum
2037 3258 2262 3320 urbem
2305 3255 2657 3319 exercitum

525 3359 925 3424 Mithridatis
954 3361 1122 3424 fame
1152 3359 1444 3444 ferroque
1471 3360 1718 3424 deleuit
1736 3408 1755 3437 ,
1804 3359 2193 3444 pulsumque
2222 3356 2538 3442 Bithynia
2564 3379 2661 3422 re·
2692 3369 2760 3419 25

524 3665 554 3714 2
582 3661 779 3717 deinde
806 3680 873 3725 ςν
897 3662 916 3732 Ι]
943 3667 973 3714 4
999 3661 1383 3718 calchedonam
1406 3675 1507 3727 Νς,
1552 3662 1958 3718 chalcedoniam
1996 3681 2062 3727 ςν
2087 3665 2105 3735 ΙΙ
2134 3667 2165 3716 5
2204 3663 2383 3716 uictus
2420 3668 2503 3715 est
2539 3678 2661 3714 rex-

524 3759 629 3811 que
663 3759 695 3795 r
733 3741 750 3812 ΙΙ
785 3741 1004 3796 metello
1054 3742 1314 3796 aduersus
1349 3742 1637 3796 sertorium
1675 3743 1766 3813 qui
1812 3742 2062 3796 omnibus
2100 3760 2163 3806 ς,
2214 3740 2431 3796 metello
2471 3746 2652 3809 gestas

524 3819 770 3874 continet
791 3819 1053 3873 aduersus
1079 3820 1364 3873 sertorium
1391 3821 1589 3890 quibus
1627 3820 1879 3874 omnibus
1900 3838 2003 3889 93,
2046 3817 2276 3872 Metello
2313 3817 2493 3870 uictus
2518 3823 2575 3869 et
2599 3822 2661 3869 ut

523 3905 712 3952 contra
749 3898 1047 3952 Sertorium
1088 3906 1318 3969 egerunt
1351 3900 1446 3970 qui
1493 3901 1745 3953 omnibus
1791 3917 1823 3953 r
1857 3901 1877 3969 ΙΙ
1918 3903 1949 3952 6
1985 3897 2093 3951 fuit
2140 3915 2276 3967 quos
2324 3896 2393 3949 ab
2436 3913 2503 3965 9,
2554 3895 2663 3948 fuit

523 3975 674 4044 quod
697 3981 754 4028 et
777 3975 845 4027 ab
871 3994 907 4038 ς
923 4015 936 4041 ,
978 3974 1087 4029 fuit
1110 3993 1246 4044 quos
1285 3976 1449 4030 etiam
1473 3977 1542 4029 ab
1567 3994 1599 4028 r
1624 3977 1642 4046 ΙΙ
1670 3980 1698 4027 7
1727 3975 2000 4046 Calagurii
2023 3994 2055 4028 r
2080 3977 2097 4047 ΙΙ
2124 3976 2306 4046 coegit
2331 3992 2398 4037 ςν
2422 3975 2440 4045 ΙΙ
2474 3977 2527 4026 11
2569 3974 2660 4026 Li—

528 4051 704 4104 cinius
742 4069 827 4104 om
849 4069 883 4104 r
908 4052 926 4120 ΙΙ
959 4056 1019 4105 12
1046 4052 1420 4122 expeditiones
1447 4053 1657 4122 aliquot
1680 4069 1712 4105 r
1736 4053 1754 4122 ΙΙ
1786 4055 1846 4104 14
1874 4054 2177 4123 praefectus
2200 4065 2281 4124 Ny
2308 4053 2326 4123 ss
2357 4056 2419 4105 16
2447 4051 2548 4104 Cn.
2576 4068 2663 4102 om

523 4149 553 4182 r
579 4132 596 4199 ΙΙ
623 4134 685 4182 21
729 4148 1011 4184 seruorum
1047 4139 1103 4185 et
1141 4132 1541 4201 ergastulorum
1565 4148 1597 4184 r
1622 4133 1639 4203 ss
1667 4135 1731 4186 22
1759 4132 1967 4204 Chryso
1992 4150 2024 4184 r
2048 4133 2067 4203 ss
2094 4136 2160 4186 23
2185 4131 2464 4186 Vorenum
2488 4146 2520 4182 r
2545 4129 2563 4199 fl
2593 4132 2656 4180 25

522 4225 554 4260 a
577 4208 830 4280 bithynia
855 4225 921 4270 ςν
947 4209 964 4278 ΙΙ
