<?xml version="1.0" encoding="UTF-8"?>
<!DOCTYPE html PUBLIC "-//W3C//DTD XHTML 1.0 Transitional//EN"
    "http://www.w3.org/TR/xhtml1/DTD/xhtml1-transitional.dtd">
<html xmlns="http://www.w3.org/1999/xhtml" xml:lang="en" lang="en">
 <head>
  <title>
</title>
<meta http-equiv="Content-Type" content="text/html;charset=utf-8" />
  <meta name='ocr-system' content='tesseract 3.04.00' />
  <meta name='ocr-capabilities' content='ocr_page ocr_carea ocr_par ocr_line ocrx_word'/>
</head>
<body>
  <div class='ocr_page' id='page_1' title='image "./tliviaburbecond00jahngoog_0147.png"; bbox 0 0 3052 4823; ppageno 0'>
   <div class='ocr_carea' id='block_1_1' title="bbox 519 345 1903 412">
    <p class='ocr_par' dir='ltr' id='par_1_1' title="bbox 519 345 1903 412">
     <span class='ocr_line' id='line_1_1' title="bbox 519 345 1903 412; baseline -0.001 -6"><span class='ocrx_word' id='word_1_1' title='bbox 519 345 640 406; x_wconf 88' lang='grc'>116</span> <span class='ocrx_word' id='word_1_2' title='bbox 1250 362 1422 408; x_wconf 79' lang='lat' dir='ltr'>1v1.11</span> <span class='ocrx_word' id='word_1_3' title='bbox 1455 363 1903 412; x_wconf 77' lang='lat' dir='ltr'><strong>OBSEQVENTIS</strong></span> 
     </span>
    </p>
   </div>
   <div class='ocr_carea' id='block_1_2' title="bbox 508 510 2700 1105">
    <p class='ocr_par' dir='ltr' id='par_1_2' title="bbox 508 510 2700 1105">
     <span class='ocr_line' id='line_1_2' title="bbox 510 510 2636 595; baseline 0 -22"><span class='ocrx_word' id='word_1_4' title='bbox 510 512 582 574; x_wconf 90' lang='lat' dir='ltr'>in</span> <span class='ocrx_word' id='word_1_5' title='bbox 611 511 1036 595; x_wconf 86' lang='lat' dir='ltr'>Cephallenia</span> <span class='ocrx_word' id='word_1_6' title='bbox 1064 513 1221 574; x_wconf 87' lang='lat' dir='ltr'>tuba</span> <span class='ocrx_word' id='word_1_7' title='bbox 1247 511 1319 573; x_wconf 92' lang='lat' dir='ltr'>in</span> <span class='ocrx_word' id='word_1_8' title='bbox 1347 511 1525 574; x_wconf 89' lang='lat' dir='ltr'>caelo</span> <span class='ocrx_word' id='word_1_9' title='bbox 1558 521 1812 575; x_wconf 88' lang='lat' dir='ltr'>cantare</span> <span class='ocrx_word' id='word_1_10' title='bbox 1834 511 1999 574; x_wconf 89' lang='lat' dir='ltr'>uisa.</span> <span class='ocrx_word' id='word_1_11' title='bbox 2052 521 2218 574; x_wconf 87' lang='lat' dir='ltr'>terra</span> <span class='ocrx_word' id='word_1_12' title='bbox 2244 510 2437 593; x_wconf 89' lang='lat' dir='ltr'>pluit.</span> <span class='ocrx_word' id='word_1_13' title='bbox 2494 533 2636 593; x_wconf 90' lang='lat' dir='ltr'>pro-</span> 
     </span>
     <span class='ocr_line' id='line_1_3' title="bbox 511 611 2695 694; baseline -0.001 -20"><span class='ocrx_word' id='word_1_14' title='bbox 511 612 750 675; x_wconf 89' lang='lat' dir='ltr'>cellosa</span> <span class='ocrx_word' id='word_1_15' title='bbox 794 622 1184 694; x_wconf 83' lang='lat' dir='ltr'>tempestate·</span> <span class='ocrx_word' id='word_1_16' title='bbox 1214 622 1385 676; x_wconf 87' lang='lat' dir='ltr'>tecta</span> <span class='ocrx_word' id='word_1_17' title='bbox 1429 612 1646 675; x_wconf 89' lang='lat' dir='ltr'>diruta</span> <span class='ocrx_word' id='word_1_18' title='bbox 1689 621 2057 694; x_wconf 83' lang='lat' dir='ltr'>stragesque</span> <span class='ocrx_word' id='word_1_19' title='bbox 2102 633 2401 693; x_wconf 86' lang='lat' dir='ltr'>agrorum</span> <span class='ocrx_word' id='word_1_20' title='bbox 2442 611 2633 674; x_wconf 87' lang='lat' dir='ltr'>facta.</span> <span class='ocrx_word' id='word_1_21' title='bbox 2686 667 2695 672; x_wconf 91' lang='lat'><strong>.</strong></span> 
     </span>
     <span class='ocr_line' id='line_1_4' title="bbox 511 711 2630 796; baseline -0.001 -20"><span class='ocrx_word' id='word_1_22' title='bbox 511 714 729 776; x_wconf 90' lang='lat' dir='ltr'>crebro</span> <span class='ocrx_word' id='word_1_23' title='bbox 787 712 1182 776; x_wconf 86' lang='lat' dir='ltr'>fulminauit.</span> <span class='ocrx_word' id='word_1_24' title='bbox 1259 724 1449 777; x_wconf 88' lang='lat' dir='ltr'>nocte</span> <span class='ocrx_word' id='word_1_25' title='bbox 1508 713 1750 796; x_wconf 90' lang='lat' dir='ltr'>species</span> <span class='ocrx_word' id='word_1_26' title='bbox 1812 712 1963 776; x_wconf 87' lang='lat' dir='ltr'>solis</span> <span class='ocrx_word' id='word_1_27' title='bbox 2025 711 2281 774; x_wconf 84' lang='lat' dir='ltr'><strong>Pisauri</strong></span> <span class='ocrx_word' id='word_1_28' title='bbox 2343 712 2630 774; x_wconf 83' lang='lat' dir='ltr'><strong>adfulsit.</strong></span> 
     </span>
     <span class='ocr_line' id='line_1_5' title="bbox 511 813 2639 896; baseline -0.001 -19"><span class='ocrx_word' id='word_1_29' title='bbox 511 815 711 877; x_wconf 83' lang='lat' dir='ltr'>Caere</span> <span class='ocrx_word' id='word_1_30' title='bbox 740 835 971 896; x_wconf 88' lang='lat' dir='ltr'>porcus</span> <span class='ocrx_word' id='word_1_31' title='bbox 1002 813 1305 876; x_wconf 89' lang='lat' dir='ltr'>humanis</span> <span class='ocrx_word' id='word_1_32' title='bbox 1335 813 1637 876; x_wconf 87' lang='lat' dir='ltr'>manibus</span> <span class='ocrx_word' id='word_1_33' title='bbox 1670 825 1733 875; x_wconf 88' lang='lat' dir='ltr'>et</span> <span class='ocrx_word' id='word_1_34' title='bbox 1763 814 2034 896; x_wconf 90' lang='lat' dir='ltr'>pedibus</span> <span class='ocrx_word' id='word_1_35' title='bbox 2064 822 2255 875; x_wconf 89' lang='lat' dir='ltr'>natus</span> <span class='ocrx_word' id='word_1_36' title='bbox 2275 860 2294 888; x_wconf 91' lang='lat'>‚</span> <span class='ocrx_word' id='word_1_37' title='bbox 2347 823 2412 874; x_wconf 88' lang='lat' dir='ltr'>et</span> <span class='ocrx_word' id='word_1_38' title='bbox 2454 813 2639 895; x_wconf 90' lang='lat' dir='ltr'>pueri</span> 
     </span>
     <span class='ocr_line' id='line_1_6' title="bbox 513 913 2700 998; baseline -0.001 -21"><span class='ocrx_word' id='word_1_39' title='bbox 513 916 956 998; x_wconf 83' lang='lat' dir='ltr'>quadrupedes</span> <span class='ocrx_word' id='word_1_40' title='bbox 1002 924 1066 976; x_wconf 92' lang='lat' dir='ltr'>et</span> <span class='ocrx_word' id='word_1_41' title='bbox 1107 917 1578 997; x_wconf 88' lang='lat' dir='ltr'>quadrumanes</span> <span class='ocrx_word' id='word_1_42' title='bbox 1624 915 1785 976; x_wconf 87' lang='lat' dir='ltr'>nati.</span> <span class='ocrx_word' id='word_1_43' title='bbox 1852 916 1934 977; x_wconf 86' lang='lat' dir='ltr'>ad</span> <span class='ocrx_word' id='word_1_44' title='bbox 1963 914 2174 977; x_wconf 85' lang='lat' dir='ltr'>forum</span> <span class='ocrx_word' id='word_1_45' title='bbox 2220 913 2361 976; x_wconf 92' lang='lat' dir='ltr'>Esii</span> <span class='ocrx_word' id='word_1_46' title='bbox 2398 915 2636 977; x_wconf 90' lang='lat' dir='ltr'>bouem</span> <span class='ocrx_word' id='word_1_47' title='bbox 2670 928 2700 975; x_wconf 87' lang='lat'>5</span> 
     </span>
     <span class='ocr_line' id='line_1_7' title="bbox 508 1013 1839 1105; baseline -0.001 -28"><span class='ocrx_word' id='word_1_48' title='bbox 508 1015 768 1078; x_wconf 85' lang='lat' dir='ltr'>flamma</span> <span class='ocrx_word' id='word_1_49' title='bbox 800 1037 880 1078; x_wconf 82' lang='lat' dir='ltr'>ex</span> <span class='ocrx_word' id='word_1_50' title='bbox 909 1013 1111 1097; x_wconf 89' lang='lat' dir='ltr'>ipsius</span> <span class='ocrx_word' id='word_1_51' title='bbox 1144 1037 1250 1078; x_wconf 90' lang='lat' dir='ltr'>ore</span> <span class='ocrx_word' id='word_1_52' title='bbox 1281 1024 1436 1078; x_wconf 88' lang='lat' dir='ltr'>nata</span> <span class='ocrx_word' id='word_1_53' title='bbox 1466 1037 1600 1105; x_wconf 86' lang='lat' dir='ltr'>non</span> <span class='ocrx_word' id='word_1_54' title='bbox 1629 1015 1839 1078; x_wconf 89' lang='lat' dir='ltr'>laesit.</span> 
     </span>
    </p>
   </div>
   <div class='ocr_carea' id='block_1_3' title="bbox 345 1172 2741 1561">
    <p class='ocr_par' dir='ltr' id='par_1_3' title="bbox 373 1172 2637 1256">
     <span class='ocr_line' id='line_1_8' title="bbox 373 1172 2637 1256; baseline 0.002 -25"><span class='ocrx_word' id='word_1_55' title='bbox 373 1179 448 1233; x_wconf 90' lang='lat'>15</span> <span class='ocrx_word' id='word_1_56' title='bbox 511 1174 590 1236; x_wconf 89' lang='lat' dir='ltr'>P.</span> <span class='ocrx_word' id='word_1_57' title='bbox 628 1172 929 1255; x_wconf 86' lang='lat' dir='ltr'>Scipione</span> <span class='ocrx_word' id='word_1_58' title='bbox 959 1173 1201 1236; x_wconf 83' lang='lat' dir='ltr'>Nasica</span> <span class='ocrx_word' id='word_1_59' title='bbox 1231 1174 1306 1237; x_wconf 91' lang='lat' dir='ltr'>C.</span> <span class='ocrx_word' id='word_1_60' title='bbox 1330 1174 1583 1237; x_wconf 88' lang='lat' dir='ltr'>Marcio</span> <span class='ocrx_word' id='word_1_61' title='bbox 1614 1196 1775 1236; x_wconf 76' lang='lat' dir='ltr'>coss,</span> <span class='ocrx_word' id='word_1_62' title='bbox 1812 1172 2151 1256; x_wconf 86' lang='lat' dir='ltr'>Anagniae</span> <span class='ocrx_word' id='word_1_63' title='bbox 2176 1172 2426 1235; x_wconf 91' lang='lat' dir='ltr'>caelum</span> <span class='ocrx_word' id='word_1_64' title='bbox 2449 1183 2637 1236; x_wconf 89' lang='lat' dir='ltr'>nocte</span> 
     </span>
    </p>

    <p class='ocr_par' dir='ltr' id='par_1_4' title="bbox 345 1256 2741 1561">
     <span class='ocr_line' id='line_1_9' title="bbox 345 1256 2633 1358; baseline -0.002 -18"><span class='ocrx_word' id='word_1_65' title='bbox 345 1256 478 1342; x_wconf 78' lang='lat'><strong>[74]</strong></span> <span class='ocrx_word' id='word_1_66' title='bbox 514 1275 690 1338; x_wconf 84' lang='lat' dir='ltr'>arsit.</span> <span class='ocrx_word' id='word_1_67' title='bbox 752 1274 1026 1337; x_wconf 90' lang='lat' dir='ltr'>fulmine</span> <span class='ocrx_word' id='word_1_68' title='bbox 1072 1275 1376 1358; x_wconf 87' lang='lat' dir='ltr'>pleraque</span> <span class='ocrx_word' id='word_1_69' title='bbox 1421 1278 1713 1340; x_wconf 88' lang='lat' dir='ltr'>decussa.</span> <span class='ocrx_word' id='word_1_70' title='bbox 1775 1275 2133 1337; x_wconf 91' lang='lat' dir='ltr'>Frusinone</span> <span class='ocrx_word' id='word_1_71' title='bbox 2187 1275 2303 1337; x_wconf 92' lang='lat' dir='ltr'>bos</span> <span class='ocrx_word' id='word_1_72' title='bbox 2354 1275 2633 1337; x_wconf 81' lang='lat' dir='ltr'>locutus,</span> 
     </span>
     <span class='ocr_line' id='line_1_10' title="bbox 512 1365 2640 1460; baseline -0 -22"><span class='ocrx_word' id='word_1_73' title='bbox 512 1378 718 1438; x_wconf 88' lang='lat' dir='ltr'>Reate</span> <span class='ocrx_word' id='word_1_74' title='bbox 747 1375 965 1438; x_wconf 90' lang='lat' dir='ltr'>mulus</span> <span class='ocrx_word' id='word_1_75' title='bbox 997 1375 1192 1460; x_wconf 84' lang='lat' dir='ltr'>tripes</span> <span class='ocrx_word' id='word_1_76' title='bbox 1233 1385 1448 1439; x_wconf 72' lang='lat' dir='ltr'>natus.</span> <span class='ocrx_word' id='word_1_77' title='bbox 1511 1378 1636 1440; x_wconf 86' lang='lat' dir='ltr'>Cn.</span> <span class='ocrx_word' id='word_1_78' title='bbox 1686 1376 1999 1439; x_wconf 88' lang='lat' dir='ltr'>Octauius</span> <span class='ocrx_word' id='word_1_79' title='bbox 2035 1365 2409 1457; x_wconf 45' lang='lat' dir='ltr'>legatus‘in</span> <span class='ocrx_word' id='word_1_80' title='bbox 2453 1375 2640 1458; x_wconf 88' lang='lat' dir='ltr'>Syria</span> 
     </span>
     <span class='ocr_line' id='line_1_11' title="bbox 511 1475 2741 1561; baseline -0 -23"><span class='ocrx_word' id='word_1_81' title='bbox 511 1498 624 1559; x_wconf 92' lang='lat' dir='ltr'>per</span> <span class='ocrx_word' id='word_1_82' title='bbox 656 1475 916 1560; x_wconf 86' lang='lat' dir='ltr'>Lysiam</span> <span class='ocrx_word' id='word_1_83' title='bbox 944 1487 1224 1540; x_wconf 82' lang='lat' dir='ltr'>tutorem</span> <span class='ocrx_word' id='word_1_84' title='bbox 1256 1477 1565 1541; x_wconf 84' lang='lat' dir='ltr'>Antiochi</span> <span class='ocrx_word' id='word_1_85' title='bbox 1594 1477 1778 1561; x_wconf 89' lang='lat' dir='ltr'>pueri</span> <span class='ocrx_word' id='word_1_86' title='bbox 1809 1477 1878 1538; x_wconf 89' lang='lat' dir='ltr'>in</span> <span class='ocrx_word' id='word_1_87' title='bbox 1908 1475 2246 1560; x_wconf 87' lang='lat' dir='ltr'>gymnasio</span> <span class='ocrx_word' id='word_1_88' title='bbox 2280 1475 2547 1538; x_wconf 89' lang='lat' dir='ltr'>occisus.</span> <span class='ocrx_word' id='word_1_89' title='bbox 2676 1489 2741 1537; x_wconf 84' lang='lat'>10</span> 
     </span>
    </p>
   </div>
   <div class='ocr_carea' id='block_1_4' title="bbox 344 1659 2741 2150">
    <p class='ocr_par' dir='ltr' id='par_1_5' title="bbox 378 1659 2640 1744">
     <span class='ocr_line' id='line_1_12' title="bbox 378 1659 2640 1744; baseline -0.002 -17"><span class='ocrx_word' id='word_1_90' title='bbox 378 1673 454 1727; x_wconf 88' lang='grc'>16</span> <span class='ocrx_word' id='word_1_91' title='bbox 516 1661 594 1722; x_wconf 94' lang='lat' dir='ltr'>L.</span> <span class='ocrx_word' id='word_1_92' title='bbox 631 1659 912 1723; x_wconf 88' lang='lat' dir='ltr'>Lentulo</span> <span class='ocrx_word' id='word_1_93' title='bbox 943 1660 1018 1723; x_wconf 90' lang='lat' dir='ltr'>C.</span> <span class='ocrx_word' id='word_1_94' title='bbox 1059 1661 1305 1724; x_wconf 89' lang='lat' dir='ltr'>Marcio</span> <span class='ocrx_word' id='word_1_95' title='bbox 1336 1684 1497 1724; x_wconf 87' lang='lat' dir='ltr'>coss.</span> <span class='ocrx_word' id='word_1_96' title='bbox 1547 1662 1899 1743; x_wconf 87' lang='lat' dir='ltr'>procellosa</span> <span class='ocrx_word' id='word_1_97' title='bbox 1930 1671 2309 1744; x_wconf 88' lang='lat' dir='ltr'>tempestate</span> <span class='ocrx_word' id='word_1_98' title='bbox 2349 1660 2418 1720; x_wconf 93' lang='lat' dir='ltr'>in</span> <span class='ocrx_word' id='word_1_99' title='bbox 2450 1661 2640 1744; x_wconf 90' lang='lat' dir='ltr'>Capi-</span> 
     </span>
    </p>

    <p class='ocr_par' dir='ltr' id='par_1_6' title="bbox 344 1753 2741 2150">
     <span class='ocr_line' id='line_1_13' title="bbox 344 1753 2648 1850; baseline 0.001 -29"><span class='ocrx_word' id='word_1_100' title='bbox 344 1753 403 1836; x_wconf 89' lang='lat'>[7</span> <span class='ocrx_word' id='word_1_101' title='bbox 416 1754 476 1837; x_wconf 86' lang='lat'>5]</span> <span class='ocrx_word' id='word_1_102' title='bbox 513 1760 668 1823; x_wconf 88' lang='lat' dir='ltr'>tolio</span> <span class='ocrx_word' id='word_1_103' title='bbox 683 1762 884 1830; x_wconf 66' lang='lat' dir='ltr'>‚aedes</span> <span class='ocrx_word' id='word_1_104' title='bbox 909 1761 1096 1846; x_wconf 42' lang='lat' dir='ltr'>,Iouis</span> <span class='ocrx_word' id='word_1_105' title='bbox 1128 1773 1193 1825; x_wconf 87' lang='lat' dir='ltr'>et</span> <span class='ocrx_word' id='word_1_106' title='bbox 1216 1763 1383 1850; x_wconf 84' lang='lat' dir='ltr'>circa</span> <span class='ocrx_word' id='word_1_107' title='bbox 1407 1773 1727 1846; x_wconf 87' lang='lat' dir='ltr'>quassata.</span> <span class='ocrx_word' id='word_1_108' title='bbox 1764 1762 2089 1846; x_wconf 88' lang='lat' dir='ltr'>pontificis</span> <span class='ocrx_word' id='word_1_109' title='bbox 2112 1761 2379 1846; x_wconf 70' lang='lat' dir='ltr'>maximi</span> <span class='ocrx_word' id='word_1_110' title='bbox 2403 1771 2648 1824; x_wconf 85' lang='lat' dir='ltr'>tectum</span> 
     </span>
     <span class='ocr_line' id='line_1_14' title="bbox 511 1858 2637 1947; baseline 0.001 -24"><span class='ocrx_word' id='word_1_111' title='bbox 511 1883 660 1923; x_wconf 91' lang='lat' dir='ltr'>cum</span> <span class='ocrx_word' id='word_1_112' title='bbox 689 1862 1006 1926; x_wconf 89' lang='lat' dir='ltr'>columnis</span> <span class='ocrx_word' id='word_1_113' title='bbox 1035 1863 1106 1926; x_wconf 91' lang='lat' dir='ltr'>in</span> <span class='ocrx_word' id='word_1_114' title='bbox 1137 1864 1422 1927; x_wconf 88' lang='lat' dir='ltr'>Tiberim</span> <span class='ocrx_word' id='word_1_115' title='bbox 1452 1858 1795 1926; x_wconf 74' lang='lat' dir='ltr'>deiectum.</span> <span class='ocrx_word' id='word_1_116' title='bbox 1846 1864 1915 1926; x_wconf 93' lang='lat' dir='ltr'>in</span> <span class='ocrx_word' id='word_1_117' title='bbox 1948 1865 2115 1927; x_wconf 92' lang='lat' dir='ltr'>circo</span> <span class='ocrx_word' id='word_1_118' title='bbox 2147 1863 2467 1927; x_wconf 88' lang='lat' dir='ltr'>Flaminio</span> <span class='ocrx_word' id='word_1_119' title='bbox 2495 1884 2637 1947; x_wconf 89' lang='lat' dir='ltr'>por-</span> 
     </span>
     <span class='ocr_line' id='line_1_15' title="bbox 510 1962 2642 2046; baseline 0.001 -22"><span class='ocrx_word' id='word_1_120' title='bbox 510 1962 678 2025; x_wconf 90' lang='lat' dir='ltr'>ticus</span> <span class='ocrx_word' id='word_1_121' title='bbox 708 1962 878 2025; x_wconf 91' lang='lat' dir='ltr'>inter</span> <span class='ocrx_word' id='word_1_122' title='bbox 908 1966 1130 2026; x_wconf 91' lang='lat' dir='ltr'>aedem</span> <span class='ocrx_word' id='word_1_123' title='bbox 1163 1965 1437 2027; x_wconf 88' lang='lat' dir='ltr'>Iunonis</span> <span class='ocrx_word' id='word_1_124' title='bbox 1483 1964 1777 2046; x_wconf 85' lang='lat' dir='ltr'>Reginae</span> <span class='ocrx_word' id='word_1_125' title='bbox 1826 1976 1890 2027; x_wconf 89' lang='lat' dir='ltr'>et</span> <span class='ocrx_word' id='word_1_126' title='bbox 1935 1968 2259 2028; x_wconf 87' lang='lat' dir='ltr'>Fortunae</span> <span class='ocrx_word' id='word_1_127' title='bbox 2305 1975 2510 2040; x_wconf 85' lang='lat' dir='ltr'>tacta,</span> <span class='ocrx_word' id='word_1_128' title='bbox 2575 1975 2642 2027; x_wconf 88' lang='lat' dir='ltr'>et</span> 
     </span>
     <span class='ocr_line' id='line_1_16' title="bbox 517 2063 2741 2150; baseline 0 -25"><span class='ocrx_word' id='word_1_129' title='bbox 517 2063 686 2126; x_wconf 87' lang='lat' dir='ltr'>circa</span> <span class='ocrx_word' id='word_1_130' title='bbox 717 2064 1008 2127; x_wconf 89' lang='lat' dir='ltr'>aedificia</span> <span class='ocrx_word' id='word_1_131' title='bbox 1037 2066 1340 2150; x_wconf 88' lang='lat' dir='ltr'>pleraque</span> <span class='ocrx_word' id='word_1_132' title='bbox 1372 2065 1704 2147; x_wconf 86' lang='lat' dir='ltr'>dissipata.</span> <span class='ocrx_word' id='word_1_133' title='bbox 1757 2077 1981 2129; x_wconf 88' lang='lat' dir='ltr'>taurus</span> <span class='ocrx_word' id='word_1_134' title='bbox 2023 2070 2103 2129; x_wconf 90' lang='lat' dir='ltr'>ad</span> <span class='ocrx_word' id='word_1_135' title='bbox 2134 2067 2645 2129; x_wconf 88' lang='lat' dir='ltr'>immolationem</span> <span class='ocrx_word' id='word_1_136' title='bbox 2679 2079 2741 2126; x_wconf 87' lang='lat'>15</span> 
     </span>
    </p>
   </div>
   <div class='ocr_carea' id='block_1_5' title="bbox 510 2166 2642 2350">
    <p class='ocr_par' dir='ltr' id='par_1_7' title="bbox 510 2166 2642 2350">
     <span class='ocr_line' id='line_1_17' title="bbox 510 2166 2642 2250; baseline 0 -23"><span class='ocrx_word' id='word_1_137' title='bbox 510 2187 661 2228; x_wconf 90' lang='lat' dir='ltr'>cum</span> <span class='ocrx_word' id='word_1_138' title='bbox 689 2167 1026 2230; x_wconf 88' lang='lat' dir='ltr'>duceretur</span> <span class='ocrx_word' id='word_1_139' title='bbox 1072 2169 1152 2230; x_wconf 89' lang='lat' dir='ltr'>ob</span> <span class='ocrx_word' id='word_1_140' title='bbox 1190 2168 1349 2230; x_wconf 86' lang='lat' dir='ltr'>haec</span> <span class='ocrx_word' id='word_1_141' title='bbox 1366 2215 1386 2245; x_wconf 90' lang='lat'><strong><em>,</em></strong></span> <span class='ocrx_word' id='word_1_142' title='bbox 1435 2167 1571 2250; x_wconf 90' lang='lat' dir='ltr'>ipse</span> <span class='ocrx_word' id='word_1_143' title='bbox 1596 2169 1876 2230; x_wconf 69' lang='lat' dir='ltr'>corruit.</span> <span class='ocrx_word' id='word_1_144' title='bbox 1939 2169 2279 2230; x_wconf 87' lang='lat' dir='ltr'>Dalmatae</span> <span class='ocrx_word' id='word_1_145' title='bbox 2326 2166 2642 2230; x_wconf 84' lang='lat' dir='ltr'>Scordisci</span> 
     </span>
     <span class='ocr_line' id='line_1_18' title="bbox 513 2257 1558 2350; baseline -0.005 -20"><span class='ocrx_word' id='word_1_146' title='bbox 513 2265 816 2350; x_wconf 89' lang='lat' dir='ltr'>superati.</span> <span class='ocrx_word' id='word_1_147' title='bbox 1550 2257 1558 2264; x_wconf 74' lang='grc'><strong>”</strong></span> 
     </span>
    </p>
   </div>
   <div class='ocr_carea' id='block_1_6' title="bbox 293 2426 2743 3019">
    <p class='ocr_par' dir='ltr' id='par_1_8' title="bbox 293 2426 2642 2513">
     <span class='ocr_line' id='line_1_19' title="bbox 293 2426 2642 2513; baseline 0.001 -24"><span class='ocrx_word' id='word_1_148' title='bbox 293 2486 299 2491; x_wconf 82' lang='grc'><em>,</em></span> <span class='ocrx_word' id='word_1_149' title='bbox 379 2436 451 2494; x_wconf 88' lang='grc'>17</span> <span class='ocrx_word' id='word_1_150' title='bbox 518 2429 600 2495; x_wconf 85' lang='lat' dir='ltr'>Q.</span> <span class='ocrx_word' id='word_1_151' title='bbox 637 2426 898 2510; x_wconf 89' lang='lat' dir='ltr'>Opimio</span> <span class='ocrx_word' id='word_1_152' title='bbox 942 2429 1019 2491; x_wconf 92' lang='lat' dir='ltr'>L.</span> <span class='ocrx_word' id='word_1_153' title='bbox 1069 2426 1403 2492; x_wconf 79' lang='lat' dir='ltr'>Postumio</span> <span class='ocrx_word' id='word_1_154' title='bbox 1447 2452 1611 2493; x_wconf 90' lang='lat' dir='ltr'>coss.</span> <span class='ocrx_word' id='word_1_155' title='bbox 1676 2430 1743 2492; x_wconf 91' lang='lat' dir='ltr'>in</span> <span class='ocrx_word' id='word_1_156' title='bbox 1786 2429 2187 2513; x_wconf 87' lang='lat' dir='ltr'>prouinciam</span> <span class='ocrx_word' id='word_1_157' title='bbox 2232 2428 2642 2511; x_wconf 87' lang='lat' dir='ltr'>proficiscens</span> 
     </span>
    </p>

    <p class='ocr_par' dir='ltr' id='par_1_9' title="bbox 346 2518 2743 3019">
     <span class='ocr_line' id='line_1_20' title="bbox 346 2518 2640 2616; baseline -0 -24"><span class='ocrx_word' id='word_1_158' title='bbox 346 2518 478 2601; x_wconf 81' lang='grc'><strong>[76]</strong></span> <span class='ocrx_word' id='word_1_159' title='bbox 517 2528 890 2592; x_wconf 91' lang='lat' dir='ltr'>Postumius</span> <span class='ocrx_word' id='word_1_160' title='bbox 920 2531 1144 2593; x_wconf 90' lang='lat' dir='ltr'>consul</span> <span class='ocrx_word' id='word_1_161' title='bbox 1175 2553 1320 2593; x_wconf 89' lang='lat' dir='ltr'>cum</span> <span class='ocrx_word' id='word_1_162' title='bbox 1353 2531 1749 2608; x_wconf 83' lang='lat' dir='ltr'>immolaret,</span> <span class='ocrx_word' id='word_1_163' title='bbox 1799 2531 1867 2593; x_wconf 92' lang='lat' dir='ltr'>in</span> <span class='ocrx_word' id='word_1_164' title='bbox 1898 2532 2193 2616; x_wconf 88' lang='lat' dir='ltr'>plurimis</span> <span class='ocrx_word' id='word_1_165' title='bbox 2225 2530 2507 2593; x_wconf 88' lang='lat' dir='ltr'>uictimis</span> <span class='ocrx_word' id='word_1_166' title='bbox 2540 2553 2640 2592; x_wconf 91' lang='lat' dir='ltr'>ca-</span> 
     </span>
     <span class='ocr_line' id='line_1_21' title="bbox 511 2630 2743 2716; baseline 0.001 -25"><span class='ocrx_word' id='word_1_167' title='bbox 511 2639 633 2712; x_wconf 87' lang='lat' dir='ltr'>put</span> <span class='ocrx_word' id='word_1_168' title='bbox 663 2630 733 2691; x_wconf 92' lang='lat' dir='ltr'>in</span> <span class='ocrx_word' id='word_1_169' title='bbox 762 2630 1038 2693; x_wconf 88' lang='lat' dir='ltr'>iocinere</span> <span class='ocrx_word' id='word_1_170' title='bbox 1069 2653 1198 2694; x_wconf 93' lang='lat' dir='ltr'>non</span> <span class='ocrx_word' id='word_1_171' title='bbox 1231 2633 1519 2708; x_wconf 86' lang='lat' dir='ltr'>inuenit3</span> <span class='ocrx_word' id='word_1_172' title='bbox 1571 2634 2021 2716; x_wconf 87' lang='lat' dir='ltr'>profectusque</span> <span class='ocrx_word' id='word_1_173' title='bbox 2062 2642 2209 2715; x_wconf 86' lang='lat' dir='ltr'>post</span> <span class='ocrx_word' id='word_1_174' title='bbox 2249 2632 2418 2694; x_wconf 89' lang='lat' dir='ltr'>diem</span> <span class='ocrx_word' id='word_1_175' title='bbox 2450 2631 2642 2714; x_wconf 81' lang='lat' dir='ltr'>septi·</span> <span class='ocrx_word' id='word_1_176' title='bbox 2674 2646 2743 2694; x_wconf 85' lang='lat'>20</span> 
     </span>
     <span class='ocr_line' id='line_1_22' title="bbox 512 2733 2643 2816; baseline 0 -23"><span class='ocrx_word' id='word_1_177' title='bbox 512 2754 694 2793; x_wconf 90' lang='lat' dir='ltr'>mum</span> <span class='ocrx_word' id='word_1_178' title='bbox 739 2753 926 2813; x_wconf 87' lang='lat' dir='ltr'>aeger</span> <span class='ocrx_word' id='word_1_179' title='bbox 965 2734 1244 2795; x_wconf 87' lang='lat' dir='ltr'>Romam</span> <span class='ocrx_word' id='word_1_180' title='bbox 1299 2734 1537 2796; x_wconf 87' lang='lat' dir='ltr'>relatus</span> <span class='ocrx_word' id='word_1_181' title='bbox 1584 2734 1923 2816; x_wconf 87' lang='lat' dir='ltr'>expirauit.</span> <span class='ocrx_word' id='word_1_182' title='bbox 1997 2736 2311 2816; x_wconf 87' lang='lat' dir='ltr'>Compsae</span> <span class='ocrx_word' id='word_1_183' title='bbox 2357 2755 2531 2795; x_wconf 87' lang='lat' dir='ltr'>arma</span> <span class='ocrx_word' id='word_1_184' title='bbox 2573 2733 2643 2794; x_wconf 89' lang='lat' dir='ltr'>in</span> 
     </span>
     <span class='ocr_line' id='line_1_23' title="bbox 515 2833 2643 2917; baseline 0.001 -23"><span class='ocrx_word' id='word_1_185' title='bbox 515 2834 691 2895; x_wconf 88' lang='lat' dir='ltr'>caelo</span> <span class='ocrx_word' id='word_1_186' title='bbox 720 2833 939 2895; x_wconf 89' lang='lat' dir='ltr'>uolare</span> <span class='ocrx_word' id='word_1_187' title='bbox 969 2834 1133 2896; x_wconf 91' lang='lat' dir='ltr'>uisa.</span> <span class='ocrx_word' id='word_1_188' title='bbox 1183 2834 1455 2897; x_wconf 88' lang='lat' dir='ltr'>fulmine</span> <span class='ocrx_word' id='word_1_189' title='bbox 1495 2836 1799 2917; x_wconf 89' lang='lat' dir='ltr'>pleraque</span> <span class='ocrx_word' id='word_1_190' title='bbox 1844 2838 2132 2898; x_wconf 90' lang='lat' dir='ltr'>decussa.</span> <span class='ocrx_word' id='word_1_191' title='bbox 2199 2856 2239 2897; x_wconf 88' lang='lat' dir='ltr'>a</span> <span class='ocrx_word' id='word_1_192' title='bbox 2269 2834 2477 2898; x_wconf 88' lang='lat' dir='ltr'>Gallis</span> <span class='ocrx_word' id='word_1_193' title='bbox 2509 2845 2575 2897; x_wconf 87' lang='lat' dir='ltr'>et</span> <span class='ocrx_word' id='word_1_194' title='bbox 2606 2857 2643 2896; x_wconf 87' lang='lat' dir='ltr'>a</span> 
     </span>
     <span class='ocr_line' id='line_1_24' title="bbox 518 2932 2097 3019; baseline 0.003 -23"><span class='ocrx_word' id='word_1_195' title='bbox 518 2932 849 2996; x_wconf 89' lang='lat' dir='ltr'>Lusitanis</span> <span class='ocrx_word' id='word_1_196' title='bbox 880 2934 1162 2997; x_wconf 87' lang='lat' dir='ltr'>Romani</span> <span class='ocrx_word' id='word_1_197' title='bbox 1191 2957 1303 3018; x_wconf 88' lang='lat' dir='ltr'>per</span> <span class='ocrx_word' id='word_1_198' title='bbox 1335 2957 1510 2997; x_wconf 87' lang='lat' dir='ltr'>arma</span> <span class='ocrx_word' id='word_1_199' title='bbox 1541 2936 1825 3019; x_wconf 89' lang='lat' dir='ltr'>grauiter</span> <span class='ocrx_word' id='word_1_200' title='bbox 1854 2938 2097 3000; x_wconf 87' lang='lat' dir='ltr'>uexati.</span> 
     </span>
    </p>
   </div>
   <div class='ocr_carea' id='block_1_7' title="bbox 349 3094 2743 3483">
    <p class='ocr_par' dir='ltr' id='par_1_10' title="bbox 382 3094 2643 3162">
     <span class='ocr_line' id='line_1_25' title="bbox 382 3094 2643 3162; baseline -0.002 -2"><span class='ocrx_word' id='word_1_201' title='bbox 382 3106 456 3162; x_wconf 90' lang='lat'>18</span> <span class='ocrx_word' id='word_1_202' title='bbox 521 3096 615 3157; x_wconf 90' lang='lat' dir='ltr'>M.</span> <span class='ocrx_word' id='word_1_203' title='bbox 653 3094 925 3157; x_wconf 87' lang='lat' dir='ltr'>Claudio</span> <span class='ocrx_word' id='word_1_204' title='bbox 958 3095 1265 3157; x_wconf 87' lang='lat' dir='ltr'>Marcello</span> <span class='ocrx_word' id='word_1_205' title='bbox 1295 3096 1373 3158; x_wconf 93' lang='lat' dir='ltr'>L.</span> <span class='ocrx_word' id='word_1_206' title='bbox 1404 3095 1662 3159; x_wconf 88' lang='lat' dir='ltr'>Valerio</span> <span class='ocrx_word' id='word_1_207' title='bbox 1693 3096 1921 3159; x_wconf 87' lang='lat' dir='ltr'>Flacco</span> <span class='ocrx_word' id='word_1_208' title='bbox 1954 3119 2114 3160; x_wconf 59' lang='lat' dir='ltr'>coss</span> <span class='ocrx_word' id='word_1_209' title='bbox 2167 3096 2441 3159; x_wconf 89' lang='lat' dir='ltr'>turbinis</span> <span class='ocrx_word' id='word_1_210' title='bbox 2471 3094 2542 3157; x_wconf 92' lang='lat' dir='ltr'>ui</span> <span class='ocrx_word' id='word_1_211' title='bbox 2572 3094 2643 3156; x_wconf 91' lang='lat' dir='ltr'>in</span> 
     </span>
    </p>

    <p class='ocr_par' dir='ltr' id='par_1_11' title="bbox 349 3185 2743 3483">
     <span class='ocr_line' id='line_1_26' title="bbox 349 3185 2743 3279; baseline -0.001 -21"><span class='ocrx_word' id='word_1_212' title='bbox 349 3185 481 3271; x_wconf 89' lang='lat'><strong>[77]</strong></span> <span class='ocrx_word' id='word_1_213' title='bbox 518 3218 742 3279; x_wconf 89' lang='lat' dir='ltr'>campo</span> <span class='ocrx_word' id='word_1_214' title='bbox 774 3197 1074 3259; x_wconf 90' lang='lat' dir='ltr'>columna</span> <span class='ocrx_word' id='word_1_215' title='bbox 1119 3208 1268 3259; x_wconf 89' lang='lat' dir='ltr'>ante</span> <span class='ocrx_word' id='word_1_216' title='bbox 1311 3198 1532 3259; x_wconf 91' lang='lat' dir='ltr'>aedem</span> <span class='ocrx_word' id='word_1_217' title='bbox 1578 3197 1757 3260; x_wconf 89' lang='lat' dir='ltr'>Iouis</span> <span class='ocrx_word' id='word_1_218' title='bbox 1801 3200 2066 3260; x_wconf 90' lang='lat' dir='ltr'>decussa</span> <span class='ocrx_word' id='word_1_219' title='bbox 2107 3220 2256 3260; x_wconf 89' lang='lat' dir='ltr'>cum</span> <span class='ocrx_word' id='word_1_220' title='bbox 2302 3197 2486 3278; x_wconf 88' lang='lat' dir='ltr'>signo</span> <span class='ocrx_word' id='word_1_221' title='bbox 2534 3218 2645 3258; x_wconf 88' lang='lat' dir='ltr'>au·</span> <span class='ocrx_word' id='word_1_222' title='bbox 2677 3206 2743 3257; x_wconf 86' lang='lat'>25</span> 
     </span>
     <span class='ocr_line' id='line_1_27' title="bbox 517 3298 2642 3381; baseline -0 -22"><span class='ocrx_word' id='word_1_223' title='bbox 517 3306 656 3359; x_wconf 89' lang='lat' dir='ltr'>rato</span> <span class='ocrx_word' id='word_1_224' title='bbox 674 3321 692 3371; x_wconf 91' lang='lat'>;</span> <span class='ocrx_word' id='word_1_225' title='bbox 743 3319 1017 3380; x_wconf 91' lang='lat' dir='ltr'>cumque</span> <span class='ocrx_word' id='word_1_226' title='bbox 1060 3298 1380 3380; x_wconf 89' lang='lat' dir='ltr'>aruspices</span> <span class='ocrx_word' id='word_1_227' title='bbox 1412 3298 1892 3381; x_wconf 82' lang='lat' dir='ltr'>respondissent</span> <span class='ocrx_word' id='word_1_228' title='bbox 1921 3299 2419 3381; x_wconf 89' lang='lat' dir='ltr'>magistratuum</span> <span class='ocrx_word' id='word_1_229' title='bbox 2450 3307 2514 3359; x_wconf 89' lang='lat' dir='ltr'>et</span> <span class='ocrx_word' id='word_1_230' title='bbox 2546 3318 2642 3359; x_wconf 89' lang='lat' dir='ltr'>sa-</span> 
     </span>
     <span class='ocr_line' id='line_1_28' title="bbox 519 3398 2645 3483; baseline 0 -24"><span class='ocrx_word' id='word_1_231' title='bbox 519 3399 849 3459; x_wconf 89' lang='lat' dir='ltr'>cerdotum</span> <span class='ocrx_word' id='word_1_232' title='bbox 905 3398 1242 3461; x_wconf 88' lang='lat' dir='ltr'>interitum</span> <span class='ocrx_word' id='word_1_233' title='bbox 1293 3400 1457 3475; x_wconf 85' lang='lat' dir='ltr'>fore,</span> <span class='ocrx_word' id='word_1_234' title='bbox 1505 3421 1746 3463; x_wconf 70' lang='lat' dir='ltr'>,omnes</span> <span class='ocrx_word' id='word_1_235' title='bbox 1796 3401 2178 3483; x_wconf 86' lang='lat' dir='ltr'>magistratu</span> <span class='ocrx_word' id='word_1_236' title='bbox 2233 3423 2299 3463; x_wconf 90' lang='lat' dir='ltr'>se</span> <span class='ocrx_word' id='word_1_237' title='bbox 2350 3398 2645 3482; x_wconf 87' lang='lat' dir='ltr'>protinus</span> 
     </span>
    </p>
   </div>
   <div class='ocr_carea' id='block_1_8' title="bbox 521 3698 2651 4237">
    <p class='ocr_par' dir='ltr' id='par_1_12' title="bbox 521 3698 2651 4237">
     <span class='ocr_line' id='line_1_29' title="bbox 528 3698 2648 3771; baseline 0 -20"><span class='ocrx_word' id='word_1_238' title='bbox 528 3703 550 3750; x_wconf 94' lang='lat'>1</span> <span class='ocrx_word' id='word_1_239' title='bbox 581 3699 714 3752; x_wconf 87' lang='lat' dir='ltr'>tuba</span> <span class='ocrx_word' id='word_1_240' title='bbox 735 3698 1044 3751; x_wconf 76' lang='lat' dir='ltr'>Perizonius</span> <span class='ocrx_word' id='word_1_241' title='bbox 1069 3700 1234 3753; x_wconf 83' lang='lat' dir='ltr'>anim.</span> <span class='ocrx_word' id='word_1_242' title='bbox 1265 3700 1388 3753; x_wconf 60' lang='lat' dir='ltr'>laist.</span> <span class='ocrx_word' id='word_1_243' title='bbox 1422 3705 1450 3755; x_wconf 82' lang='lat' dir='ltr'>S</span> <span class='ocrx_word' id='word_1_244' title='bbox 1465 3720 1529 3771; x_wconf 79' lang='lat' dir='ltr'>p.</span> <span class='ocrx_word' id='word_1_245' title='bbox 1561 3707 1657 3756; x_wconf 84' lang='lat'>325</span> <span class='ocrx_word' id='word_1_246' title='bbox 1678 3724 1695 3753; x_wconf 91' lang='grc'>.·</span> <span class='ocrx_word' id='word_1_247' title='bbox 1729 3704 1885 3756; x_wconf 86' lang='lat' dir='ltr'>turba</span> <span class='ocrx_word' id='word_1_248' title='bbox 1909 3721 1943 3754; x_wconf 87' lang='lat' dir='ltr'>a</span> <span class='ocrx_word' id='word_1_249' title='bbox 1970 3702 1987 3771; x_wconf 78' lang='grc' dir='ltr'>Η</span> <span class='ocrx_word' id='word_1_250' title='bbox 2016 3706 2043 3754; x_wconf 91' lang='grc'>5</span> <span class='ocrx_word' id='word_1_251' title='bbox 2083 3700 2315 3753; x_wconf 89' lang='lat' dir='ltr'>fluuium</span> <span class='ocrx_word' id='word_1_252' title='bbox 2340 3701 2510 3753; x_wconf 83' lang='lat' dir='ltr'>Aesin</span> <span class='ocrx_word' id='word_1_253' title='bbox 2541 3700 2648 3751; x_wconf 76' lang='lat' dir='ltr'>Ou—</span> 
     </span>
     <span class='ocr_line' id='line_1_30' title="bbox 521 3777 2651 3851; baseline 0 -23"><span class='ocrx_word' id='word_1_254' title='bbox 521 3778 836 3846; x_wconf 79' lang='lat' dir='ltr'>dendorpius</span> <span class='ocrx_word' id='word_1_255' title='bbox 862 3779 878 3848; x_wconf 76' lang='grc' dir='ltr'><strong>Η</strong></span> <span class='ocrx_word' id='word_1_256' title='bbox 908 3782 935 3831; x_wconf 83' lang='grc'><strong>7</strong></span> <span class='ocrx_word' id='word_1_257' title='bbox 965 3778 1025 3831; x_wconf 86' lang='lat' dir='ltr'>C.</span> <span class='ocrx_word' id='word_1_258' title='bbox 1063 3780 1462 3848; x_wconf 75' lang='lat' dir='ltr'>Oudendorpius</span> <span class='ocrx_word' id='word_1_259' title='bbox 1479 3802 1496 3831; x_wconf 90' lang='lat'><em>:</em></span> <span class='ocrx_word' id='word_1_260' title='bbox 1542 3781 1647 3835; x_wconf 92' lang='lat' dir='ltr'>Gn.</span> <span class='ocrx_word' id='word_1_261' title='bbox 1676 3800 1709 3833; x_wconf 88' lang='lat' dir='ltr'>a</span> <span class='ocrx_word' id='word_1_262' title='bbox 1736 3782 1752 3851; x_wconf 77' lang='grc' dir='ltr'>[Ι</span> <span class='ocrx_word' id='word_1_263' title='bbox 1784 3785 1844 3834; x_wconf 88' lang='grc'>12</span> <span class='ocrx_word' id='word_1_264' title='bbox 1883 3779 2153 3851; x_wconf 86' lang='lat' dir='ltr'>pontificis</span> <span class='ocrx_word' id='word_1_265' title='bbox 2182 3778 2568 3831; x_wconf 80' lang='lat' dir='ltr'>Mommsem‘us</span> <span class='ocrx_word' id='word_1_266' title='bbox 2593 3777 2651 3827; x_wconf 80' lang='lat' dir='ltr'>in</span> 
     </span>
     <span class='ocr_line' id='line_1_31' title="bbox 521 3850 2648 3929; baseline -0.001 -21"><span class='ocrx_word' id='word_1_267' title='bbox 521 3850 670 3909; x_wconf 42' lang='lat' dir='ltr'>actis*</span> <span class='ocrx_word' id='word_1_268' title='bbox 692 3856 954 3909; x_wconf 78' lang='lat' dir='ltr'>societatis</span> <span class='ocrx_word' id='word_1_269' title='bbox 977 3857 1156 3925; x_wconf 74' lang='lat' dir='ltr'>reyiae</span> <span class='ocrx_word' id='word_1_270' title='bbox 1182 3858 1474 3911; x_wconf 76' lang='lat' dir='ltr'>Saxom&#39;cae</span> <span class='ocrx_word' id='word_1_271' title='bbox 1499 3878 1551 3911; x_wconf 86' lang='lat' dir='ltr'>a.</span> <span class='ocrx_word' id='word_1_272' title='bbox 1592 3864 1740 3923; x_wconf 81' lang='lat'>1850,</span> <span class='ocrx_word' id='word_1_273' title='bbox 1770 3861 1836 3912; x_wconf 83' lang='lat' dir='ltr'>cl.</span> <span class='ocrx_word' id='word_1_274' title='bbox 1857 3859 1996 3929; x_wconf 76' lang='lat' dir='ltr'>phil.</span> <span class='ocrx_word' id='word_1_275' title='bbox 2013 3877 2077 3926; x_wconf 81' lang='lat' dir='ltr'>p.</span> <span class='ocrx_word' id='word_1_276' title='bbox 2108 3861 2241 3910; x_wconf 78' lang='lat'>324:</span> <span class='ocrx_word' id='word_1_277' title='bbox 2268 3856 2451 3926; x_wconf 82' lang='lat' dir='ltr'>pontis</span> <span class='ocrx_word' id='word_1_278' title='bbox 2477 3874 2510 3907; x_wconf 87' lang='lat' dir='ltr'>a</span> <span class='ocrx_word' id='word_1_279' title='bbox 2536 3855 2553 3923; x_wconf 69' lang='grc' dir='ltr'>ΙΙ</span> <span class='ocrx_word' id='word_1_280' title='bbox 2587 3857 2648 3905; x_wconf 88' lang='grc'>16</span> 
     </span>
     <span class='ocr_line' id='line_1_32' title="bbox 521 3933 2650 4006; baseline -0 -21"><span class='ocrx_word' id='word_1_281' title='bbox 521 3934 636 4003; x_wconf 90' lang='lat' dir='ltr'>ipse</span> <span class='ocrx_word' id='word_1_282' title='bbox 663 3935 998 4003; x_wconf 73' lang='lat' dir='ltr'>Schefferus:</span> <span class='ocrx_word' id='word_1_283' title='bbox 1048 3936 1166 4005; x_wconf 88' lang='lat' dir='ltr'>ipsa</span> <span class='ocrx_word' id='word_1_284' title='bbox 1189 3954 1224 3989; x_wconf 84' lang='lat' dir='ltr'>a</span> <span class='ocrx_word' id='word_1_285' title='bbox 1250 3937 1266 4005; x_wconf 83' lang='grc' dir='ltr'>Η</span> <span class='ocrx_word' id='word_1_286' title='bbox 1297 3937 1564 3990; x_wconf 88' lang='lat' dir='ltr'>Scordisci</span> <span class='ocrx_word' id='word_1_287' title='bbox 1599 3938 1931 4006; x_wconf 67' lang='lat' dir='ltr'>Schefferus:</span> <span class='ocrx_word' id='word_1_288' title='bbox 1970 3936 2187 3989; x_wconf 85' lang='lat' dir='ltr'>Scordis</span> <span class='ocrx_word' id='word_1_289' title='bbox 2224 3952 2258 3985; x_wconf 86' lang='lat' dir='ltr'>a</span> <span class='ocrx_word' id='word_1_290' title='bbox 2284 3934 2302 4004; x_wconf 69' lang='lat' dir='ltr'>fl</span> <span class='ocrx_word' id='word_1_291' title='bbox 2334 3936 2395 3985; x_wconf 88' lang='lat'>18</span> <span class='ocrx_word' id='word_1_292' title='bbox 2422 3934 2492 3992; x_wconf 83' lang='lat' dir='ltr'>Q.</span> <span class='ocrx_word' id='word_1_293' title='bbox 2521 3933 2650 4002; x_wconf 91' lang='lat' dir='ltr'>Opi-</span> 
     </span>
     <span class='ocr_line' id='line_1_33' title="bbox 522 4012 2649 4084; baseline -0.001 -19"><span class='ocrx_word' id='word_1_294' title='bbox 522 4012 632 4065; x_wconf 90' lang='lat' dir='ltr'>mio</span> <span class='ocrx_word' id='word_1_295' title='bbox 652 4016 716 4066; x_wconf 96' lang='lat' dir='ltr'>L.</span> <span class='ocrx_word' id='word_1_296' title='bbox 746 4012 939 4081; x_wconf 78' lang='lat' dir='ltr'>scripsi</span> <span class='ocrx_word' id='word_1_297' title='bbox 954 4034 971 4063; x_wconf 95' lang='lat'>.·</span> <span class='ocrx_word' id='word_1_298' title='bbox 1008 4014 1072 4064; x_wconf 90' lang='lat' dir='ltr'>L.</span> <span class='ocrx_word' id='word_1_299' title='bbox 1103 4013 1318 4083; x_wconf 88' lang='lat' dir='ltr'>Opimio</span> <span class='ocrx_word' id='word_1_300' title='bbox 1345 4015 1414 4073; x_wconf 83' lang='lat' dir='ltr'>Q.</span> <span class='ocrx_word' id='word_1_301' title='bbox 1443 4032 1478 4067; x_wconf 84' lang='lat' dir='ltr'>a</span> <span class='ocrx_word' id='word_1_302' title='bbox 1503 4016 1520 4083; x_wconf 72' lang='lat' dir='ltr'>{l</span> <span class='ocrx_word' id='word_1_303' title='bbox 1550 4019 1610 4067; x_wconf 87' lang='lat'>21</span> <span class='ocrx_word' id='word_1_304' title='bbox 1642 4015 1905 4084; x_wconf 85' lang='lat' dir='ltr'>Compsae</span> <span class='ocrx_word' id='word_1_305' title='bbox 1937 4015 2205 4083; x_wconf 81' lang='lat' dir='ltr'>Cuperus:</span> <span class='ocrx_word' id='word_1_306' title='bbox 2248 4012 2456 4065; x_wconf 84' lang='lat' dir='ltr'>Consae</span> <span class='ocrx_word' id='word_1_307' title='bbox 2480 4030 2514 4063; x_wconf 86' lang='lat' dir='ltr'>a</span> <span class='ocrx_word' id='word_1_308' title='bbox 2540 4012 2557 4081; x_wconf 74' lang='lat' dir='ltr'>ss</span> <span class='ocrx_word' id='word_1_309' title='bbox 2585 4014 2649 4062; x_wconf 89' lang='lat'>22</span> 
     </span>
     <span class='ocr_line' id='line_1_34' title="bbox 524 4088 2649 4164; baseline -0.001 -23"><span class='ocrx_word' id='word_1_310' title='bbox 524 4108 714 4143; x_wconf 85' lang='lat' dir='ltr'>sonare</span> <span class='ocrx_word' id='word_1_311' title='bbox 752 4090 1011 4142; x_wconf 79' lang='lat' dir='ltr'>Heinsius</span> <span class='ocrx_word' id='word_1_312' title='bbox 1039 4090 1056 4164; x_wconf 72' lang='lat' dir='ltr'>fl</span> <span class='ocrx_word' id='word_1_313' title='bbox 1085 4094 1147 4142; x_wconf 80' lang='lat'>24</span> <span class='ocrx_word' id='word_1_314' title='bbox 1193 4091 1249 4144; x_wconf 92' lang='lat' dir='ltr'>in</span> <span class='ocrx_word' id='word_1_315' title='bbox 1275 4091 1544 4161; x_wconf 85' lang='lat' dir='ltr'>Capitolio</span> <span class='ocrx_word' id='word_1_316' title='bbox 1569 4091 1796 4160; x_wconf 73' lang='lat' dir='ltr'>Piyhius</span> <span class='ocrx_word' id='word_1_317' title='bbox 1824 4093 1841 4161; x_wconf 72' lang='grc' dir='ltr'>Π</span> <span class='ocrx_word' id='word_1_318' title='bbox 1870 4095 1933 4144; x_wconf 85' lang='grc'>27</span> <span class='ocrx_word' id='word_1_319' title='bbox 1959 4090 2283 4161; x_wconf 76' lang='lat' dir='ltr'>magistratu</span> <span class='ocrx_word' id='word_1_320' title='bbox 2310 4088 2613 4157; x_wconf 73' lang='lat' dir='ltr'>Stephanus</span> <span class='ocrx_word' id='word_1_321' title='bbox 2631 4108 2649 4137; x_wconf 96' lang='lat'>.·</span> 
     </span>
     <span class='ocr_line' id='line_1_35' title="bbox 522 4168 972 4237; baseline -0.004 -17"><span class='ocrx_word' id='word_1_322' title='bbox 522 4168 870 4237; x_wconf 84' lang='lat' dir='ltr'>magistratus</span> <span class='ocrx_word' id='word_1_323' title='bbox 896 4186 929 4218; x_wconf 88' lang='lat' dir='ltr'>a</span> <span class='ocrx_word' id='word_1_324' title='bbox 956 4168 972 4235; x_wconf 75' lang='lat' dir='ltr'>ss</span> 
     </span>
    </p>
   </div>
  </div>
 </body>
</html>
