3052 4823
1015 328 1078 370 T.
1114 328 1258 371 L1v1
1289 326 1845 371 LXVII—xnvnn.
2434 307 2470 367 7
2482 309 2503 367 ,1

375 480 499 543 bus
545 479 898 560 fugatoque
946 478 1028 542 Q.
1081 476 1314 539 Catulo
1355 473 1735 559 proconsule
1752 522 1774 550 ,
1832 472 1945 556 qui
1984 473 2201 537 fauces
2245 474 2516 557 Alpium

380 580 714 645 obsidebat
743 578 1114 660 flumenque
1143 576 1444 641 Athesim
1471 618 1528 645 s...
1559 574 1898 639 castellum
1923 573 2171 639 editum
2193 576 2514 641 insederat

379 681 808 764 relinqueret,
874 701 1039 763 quae
1084 689 1303 743 tamen
1346 678 1590 741 uirtute
1633 699 1751 742 sua
1796 677 2116 760 explicata
2155 678 2513 760 fugientem

377 805 626 866 procos.
665 780 1150 863 exercitumque
1181 790 1523 845 consecuta
1554 790 1673 854 est,
1709 778 1779 840 in
1803 777 2065 843 Italiam
2088 778 2509 854 traiecissent,

317 897 348 945 5
378 881 620 947 iunctis
651 882 941 946 eiusdem
971 881 1192 945 Catuli
1223 892 1288 944 et
1318 882 1393 945 C.
1432 881 1603 945 Mari
1647 880 2032 945 exercitibus
2084 880 2325 965 proelio
2355 879 2514 943 uicti

381 993 570 1060 sunt3
608 984 678 1045 in
711 1006 838 1067 quo
868 1004 1054 1046 caesa
1084 984 1428 1045 traduntur
1470 981 1759 1045 hostium
1788 968 1945 1059 ὂῖῖ,
1994 994 2183 1068 capta
2196 964 2319 1046 ἶΞ.
2371 984 2512 1045 Ma-

379 1086 514 1149 rius
545 1084 746 1149 totius
794 1084 1077 1147 ciuitatis
1124 1104 1443 1146 consensu
1485 1094 1791 1166 exceptus
1832 1106 1947 1167 pro
1992 1086 2243 1148 duobus
2289 1083 2511 1149 trium-

379 1188 529 1269 phis
561 1186 675 1270 qui
706 1187 1136 1250 offerebantur
1163 1206 1295 1246 uno
1326 1193 1669 1247 contentus
1706 1183 1855 1247 fuit.
1930 1186 2241 1269 primores
2285 1185 2512 1248 ciuita-

386 1287 503 1364 tis,
550 1287 664 1371 qui
707 1287 769 1350 ei
811 1285 1192 1369 aliquandiu
1231 1296 1307 1347 ut
1347 1307 1520 1350 nouo
1563 1286 1812 1349 homini
1857 1288 1939 1349 ad
1986 1297 2201 1351 tantos
2241 1288 2513 1352 honores

287 1402 352 1451 10
381 1400 608 1453 euecto
637 1389 1008 1453 inuiderant
1027 1436 1048 1465 ,
1104 1395 1551 1466 conseruatam
1591 1388 1671 1449 ab
1702 1408 1777 1449 eo
1821 1408 1958 1449 rem
1998 1387 2325 1469 publicam
2355 1390 2512 1451 fate-

383 1493 640 1555 bantur.
724 1490 1058 1555 Publicius
1116 1487 1461 1551 Malleolus
1514 1499 1719 1551 matre
1764 1487 1973 1551 occisa
2014 1488 2260 1571 primus
2304 1489 2513 1552 culleo

381 1592 642 1656 insutus
687 1591 758 1655 in
810 1614 984 1655 mare
1035 1588 1496 1675 praecipitatus
1552 1588 1671 1652 est.
1751 1588 1985 1653 ancilia
2036 1610 2187 1651 cum
2237 1590 2513 1671 strepitu

382 1703 561 1757 mota
589 1716 726 1769 esse
758 1704 1105 1775 antequam
1134 1689 1532 1755 Cimbricum
1560 1689 1805 1752 bellum
1835 1700 2387 1754 consummaretur
2415 1712 2511 1753 re-

313 1878 320 1883 ·
383 1795 604 1858 fertur.
652 1794 824 1857 bella
852 1805 1183 1878 praeterea
1212 1793 1379 1856 inter
1411 1791 1631 1875 Syriae
1661 1814 1841 1876 reges
1870 1804 2053 1877 gesta
2084 1792 2392 1856 continet.
2540 1801 2652 1860 rs

289 2040 352 2089 15
1058 2028 1188 2090 EX
1233 2027 1410 2090 LIB.
1461 2027 1830 2091 LXVIIII.

384 2197 464 2259 L.
501 2194 817 2278 Apuleius
849 2195 1274 2271 Saturninus,
1307 2194 1659 2259 adiuuante
1692 2195 1768 2257 O.
1807 2194 2017 2258 Mario
2040 2205 2106 2257 et
2132 2217 2246 2278 per
2274 2196 2512 2261 milites

386 2295 592 2359 occiso
621 2298 704 2359 A.
726 2295 998 2361 Nunnio
1028 2296 1443 2379 competitore
1475 2295 1773 2359 tribunus
1804 2295 2012 2380 plebis·
2038 2318 2152 2379 per
2174 2297 2313 2360 uim
2342 2318 2512 2361 crea-

387 2408 530 2474 tuS,
594 2419 730 2460 non
761 2398 976 2461 minus
1004 2398 1319 2463 uiolenter
1356 2396 1761 2460 tribunatum
1791 2420 1985 2480 quam
2014 2396 2284 2480 petierat
2313 2398 2513 2482 gessit

387 2509 453 2564 et
482 2521 632 2562 cum
661 2499 870 2583 legem
900 2499 1215 2582 agrariam
1244 2521 1358 2583 per
1387 2498 1525 2560 uim
1556 2497 1833 2574 tulisset,
1872 2498 2140 2561 Metello
2163 2498 2513 2562 Numidico

289 2612 355 2662 20
387 2602 555 2682 quod
587 2600 658 2662 in
687 2622 832 2663 eam
857 2622 991 2664 non
1021 2600 1348 2664 iurauerat
1379 2599 1553 2663 diem
1582 2599 1770 2662 dixit.
1820 2598 1933 2682 qui
1962 2619 2112 2661 cum
2142 2622 2180 2663 a
2208 2599 2393 2662 bonis
2424 2599 2512 2662 ci-

389 2701 577 2764 uibus
610 2702 1090 2779 defenderetur,
1140 2725 1224 2766 ne
1253 2723 1446 2766 causa
1477 2700 1905 2765 certaminum
1934 2712 2101 2765 esset
2144 2700 2215 2764 in
2245 2700 2513 2766 exilium

389 2981 421 3037 2
447 2977 734 3030 obsederat
756 2994 787 3028 r
812 2975 830 3045 ΙΙ
855 2976 1107 3030 Athesim
1131 2976 1210 3029 ita
1245 2983 1308 3030 ut
1330 2994 1553 3046 paruam
1577 2993 1799 3029 manum
1824 2993 1964 3045 quae
1989 2975 2269 3029 castellum
2308 2977 2397 3028 uel
2431 2976 2515 3028 his

386 3054 584 3108 similia
607 3054 808 3122 scripta
817 3053 999 3120 fuisse
1012 3059 1148 3122 puto
1175 3054 1194 3124 ss
1217 3053 1419 3107 flumen
1443 3053 1674 3106 athesim
1706 3056 1984 3108 castellum
2013 3055 2219 3108 editum
2244 3055 2518 3107 insederat

387 3131 788 3201 reliqueratque
812 3138 992 3183 tamen
1021 3131 1129 3200 (uel
1149 3138 1266 3184 tum
1286 3171 1299 3196 ,
1345 3132 1434 3184 uel
1454 3131 1581 3201 nisi)
1622 3131 1827 3185 uirtute
1853 3150 1953 3185 sua
1988 3133 2257 3202 explicata
2293 3132 2402 3200 (uel
2422 3148 2515 3184 ex-

389 3209 592 3279 plicita)
621 3208 921 3277 fugientem
946 3225 1195 3277 procons.
1224 3209 1628 3278 exercitumque
1654 3218 1943 3264 consecuta
1966 3217 2049 3263 est
2073 3210 2182 3280 (uel
2194 3215 2516 3263 consecutus

393 3294 533 3338 esset
553 3286 644 3338 uel
676 3284 981 3354 prosecuti)
1021 3285 1079 3336 in
1119 3284 1325 3339 italiam
1351 3285 1693 3338 traiecissem:
1730 3305 1791 3350 ς,
1831 3285 2033 3339 flumen
2073 3287 2304 3340 athesim
2342 3293 2515 3340 trans·

389 3363 560 3433 gressi
585 3363 865 3418 castellum
891 3362 1099 3416 editum
1126 3364 1274 3433 quod
1297 3363 1571 3418 insederat
1592 3370 1656 3417 ut
1678 3363 1971 3434 reliquerat
2004 3364 2313 3419 effecerunt.
2355 3384 2517 3437 quem

389 3452 570 3498 tamen
595 3442 802 3495 uirtute
827 3459 927 3494 sua
950 3441 1208 3512 explicita
1229 3442 1531 3512 fugientem
1555 3443 1933 3512 proconsulem
1958 3444 2365 3515 exercitumque
2391 3461 2517 3498 con·

387 3527 604 3572 secutus
630 3524 730 3571 est.
759 3518 816 3570 in
841 3517 1048 3571 italiam
1087 3535 1209 3572 cum
1236 3520 1432 3573 deinde
1454 3519 1794 3573 traiecissent
1812 3536 1889 3588 93
1905 3558 1919 3583 ,
1950 3526 2005 3572 et
2028 3521 2097 3574 ad
2120 3521 2323 3574 flumen
2346 3522 2518 3584 Athe·

391 3594 492 3648 sim
517 3593 799 3647 castellum
823 3593 1032 3647 editum
1057 3595 1330 3650 insederat
1353 3598 1752 3667 reliqueratque
1781 3598 1876 3651 ubi
1898 3598 2104 3651 uirtute
2130 3616 2228 3652 sua
2250 3599 2521 3668 explicata

391 3675 690 3743 fugientem
714 3672 1092 3742 proconsulem
1119 3674 1524 3745 exercitumque
1550 3674 1608 3728 111
1631 3675 1849 3728 Italiam
1874 3677 2211 3731 traiecissent
2233 3694 2264 3728 r
2290 3677 2306 3745 ΙΙ
2335 3681 2366 3728 6
2391 3682 2521 3729 sunt

391 3750 460 3803 ab
484 3752 562 3804 eis
589 3768 655 3812 ςν
679 3750 698 3820 ΙΙ
725 3749 904 3819 capita
924 3759 977 3800 N
996 3750 1014 3819 ss
1044 3754 1070 3801 7
1111 3758 1360 3820 receptus
1400 3769 1466 3813 ςν
1492 3751 1508 3821 ΙΙ
1538 3756 1569 3804 9
1608 3754 1658 3805 ei
1694 3754 1915 3822 scripsi.-
1956 3761 2013 3806 et
2042 3766 2155 3817 Νς,
2203 3772 2288 3806 om
2322 3771 2353 3805 r
2379 3753 2397 3823 ΙΙ
2423 3753 2520 3805 ali-

393 3829 716 3897 quantulum
740 3845 771 3880 r
797 3827 815 3896 fl
846 3831 907 3879 10
934 3826 1113 3880 euicto
1133 3840 1184 3880 N
1205 3828 1222 3894 ΙΙ
1254 3831 1309 3880 11
1340 3846 1394 3898 p.
1422 3829 1705 3884 malleolus
1733 3849 1799 3894 ςν
1824 3830 1841 3899 ΙΙ
1868 3831 2191 3899 interempta
2213 3847 2246 3881 r
2271 3831 2289 3898 ΙΙ
2315 3829 2521 3899 primus

393 3908 633 3962 omnium
660 3907 877 3960 insutus
915 3905 1095 3958 culleo·
1127 3923 1157 3958 r
1183 3907 1200 3976 ΙΙ
1227 3905 1285 3958 111
1321 3907 1495 3959 culleo
1530 3919 1614 3969 Νς
1639 3908 1656 3978 ΙΙ
1687 3912 1749 3961 13
1786 3909 2094 3960 referuntur
2127 3906 2234 3975 ςνΙΙ
2266 3910 2328 3958 14
2368 3913 2524 3975 gesta

392 4002 474 4036 om
499 4003 531 4036 r
555 3985 574 4053 ss
606 3988 668 4037 16
693 3984 760 4036 L.
789 3982 1042 4050 siqonius
1059 4003 1077 4033 .-
1104 4001 1190 4037 cn.
1217 3997 1331 4048 Ns*
1355 3985 1374 4055 l!
1406 3988 1466 4036 17
1493 4003 1682 4038 nunno
1704 4005 1807 4054 932
1836 3985 2039 4039 Numio
2064 4003 2096 4038 r
2120 3984 2139 4053 ll
2166 3983 2522 4053 cumpetitore

386 4073 437 4112 N
457 4061 474 4130 ss
500 4061 721 4115 tribuno
745 4073 797 4114 N
816 4060 834 4131 ΙΙ
864 4065 928 4114 20
956 4061 1049 4132 qui
1076 4079 1127 4124 ς,
1159 4076 1222 4113 eo
1249 4060 1397 4130 quod
1423 4076 1489 4122 ςν
1515 4059 1533 4128 ΙΙ
1559 4059 1780 4112 minime
1811 4059 2041 4112 iurasset
2063 4077 2095 4110 r
2119 4060 2138 4128 ΙΙ
2166 4061 2225 4110 21
2256 4058 2521 4112 malorum

393 4141 746 4194 certaminum
771 4158 802 4192 r
827 4141 845 4210 ΙΙ
