3052 4823
1055 1566 1679 1636 PRAEFATIO.

300 1875 470 1937 Cum
527 1874 578 1934 F
580 1869 788 1934 loru'm
844 1868 1132 1931 editurus
1183 1867 1466 1931 codicem
1512 1869 1578 1930 N
1582 1866 1949 1930 azarianum
1997 1865 2431 1948 Heidelberga

295 1991 528 2040 nactus
560 1999 763 2039 essem
781 2025 798 2051 ,
836 1975 1050 2050 Liuii,
1081 1974 1392 2036 librorum
1426 1984 1807 2057 argumenta
1837 1994 1999 2056 quae
2023 1971 2197 2036 Flori
2229 1971 2430 2054 epito-

297 2106 446 2146 men
482 2083 834 2165 excipiunt,
871 2082 949 2144 ab
977 2082 1198 2143 eodem
1211 2080 1461 2144 saeculi
1484 2080 1642 2143 noni
1672 2080 1929 2143 librario
1954 2079 2188 2162 scripta
2212 2079 2431 2160 depre-

299 2168 519 2252 hendi.
572 2191 651 2250 ab
684 2189 774 2252 eis
806 2184 932 2271 qui‘
945 2187 1102 2248 haec
1134 2196 1511 2270 argumenta
1535 2186 1870 2248 ediderunt
1900 2208 2033 2247 non
2062 2184 2190 2247 nisi
2219 2206 2432 2246 recen-

301 2295 580 2358 tissimos
612 2294 859 2357 codices
891 2314 1124 2375 eosque
1143 2283 1306 2356 'satis
1334 2294 1749 2376 neglegenter
1773 2291 2093 2354 adhibitos
2116 2312 2251 2354 esse
2268 2291 2433 2352 bene

301 2424 538 2485 gnarus
582 2400 788 2464 libelli
827 2399 909 2463 ad
948 2421 1047 2461 res
1088 2400 1417 2461 Romanas
1462 2399 1935 2481 cognoscendas
1980 2395 2311 2459 utilissimi
2355 2395 2435 2457 ad

302 2518 586 2570 ueterem
614 2506 804 2568 illum
841 2504 1123 2566 codicem
1165 2490 1537 2566 recensendi
1588 2503 1772 2585 quasi
1803 2502 2124 2586 quoddam
2156 2501 2436 2563 officium

301 2612 463 2674 mihi
493 2612 860 2674 iniunctum
890 2610 1050 2687 uidi,
1087 2609 1140 2673 si
1173 2610 1328 2693 quid
1357 2608 1508 2672 inde
1539 2609 1839 2675 utilitatis
1862 2609 2112 2673 litterae
2138 2608 2437 2691 antiquae

305 2741 527 2801 capere
556 2728 842 2801 possent.

473 2824 703 2887 Editae
749 2835 901 2887 sunt
959 2822 1135 2886 Liuii
1179 2823 1493 2905 epitomae
1511 2869 1531 2896 ,
1593 2832 1668 2884 ut
1726 2823 1925 2905 uulgo
1971 2822 2433 2898 inscribuntur,

305 2929 477 3005 siue,
537 2940 612 2991 ut
655 2929 811 2991 olim
859 2931 1292 3006 uocabantur,
1353 2928 1704 3011 epitomata
1746 2929 2024 3011 primum
2054 2928 2123 2991 in
2156 2928 2436 2992 editione

305 3034 481 3098 Liuii
525 3036 823 3098 Romana
865 3034 1154 3118 principe
1199 3038 1296 3117 (a)
1315 3032 1366 3110 ,'
1399 3057 1561 3116 quae
1603 3057 1751 3097 cum
1796 3036 1901 3096 hic
1946 3034 2431 3108 desideraretur,

308 3140 592 3203 Berolini
645 3162 864 3203 meum
923 3140 990 3201 in
1044 3162 1232 3202 usum
1285 3140 1554 3203 Carolus
1621 3140 2017 3202 Schubartus
2076 3152 2140 3201 et
2197 3140 2437 3202 Conra-

305 3248 425 3309 dus
472 3246 865 3322 Bursianus‚
916 3244 1236 3308 auditores
1283 3244 1437 3307 olim
1484 3245 1647 3322 mei,
1697 3244 2170 3308 accuratissime
2214 3254 2438 3307 contu-

309 3352 545 3415 lerunt.
626 3352 738 3435 qui
781 3352 949 3414 hanc
991 3350 1340 3414 editionem
1398 3350 1652 3414 curauit
1706 3350 1923 3413 codice
1968 3352 2314 3414 admodum
2343 3373 2438 3414 re-

307 3457 480 3521 centi
510 3468 575 3520 et
607 3459 991 3540 deprauatO,
1050 3458 1270 3542 quales
1303 3456 1591 3541 plerique
1624 3478 1845 3519 omnes
1877 3458 1958 3542 ab
1990 3456 2133 3521 aliis
2166 3456 2440 3520 adhibiti

309 3574 462 3626 sunt
484 3612 505 3639 ‚
555 3563 647 3626 ita
676 3584 831 3627 usus
847 3548 996 3639 est,
1045 3574 1121 3627 ut
1165 3562 1517 3626 ludibrium
1559 3562 1774 3645 potius
1807 3584 2000 3645 quam
2031 3574 2232 3627 artem
2264 3585 2437 3625 exer-

308 3669 516 3733 cuisse
548 3668 864 3732 uideatur.
928 3691 1138 3753 neque
1181 3668 1353 3731 enim
1385 3690 1491 3731 eos
1536 3678 1796 3731 tantum
1836 3668 2045 3744 locos}
2098 3692 2255 3752 quos
2300 3669 2439 3733 iure

309 3785 422 3837 aut
466 3773 704 3837 iniuria
756 3788 1084 3858 corruptos
1137 3774 1433 3857 putauit,
1493 3796 1744 3838 summa
1797 3797 1946 3837 cum
1996 3774 2261 3838 licentia
2315 3786 2439 3836 tra-

308 3879 547 3955 ctauit,
609 3902 835 3943 uerum
876 3880 1072 3944 etiam
1114 3880 1227 3941 ubi
1273 3880 1456 3942 nulla
1497 3882 1787 3944 nouandi
1827 3903 2021 3944 causa
2062 3893 2197 3943 erat
2228 3880 2438 3943 uerbis

308 3985 797 4067 transponendis
850 3985 1180 4049 demendis
1234 3984 1543 4072 addendis
1573 3987 1903 4049 mutandis
1928 3995 2138 4047 'tanta
2191 3985 2439 4048 temeri-

310 4100 442 4155 tate
469 4101 796 4173 grassatus
828 4100 924 4154 est
942 4139 963 4166 ‚
1009 4101 1085 4152 ut
1133 4112 1281 4153 eum
1321 4111 1453 4152 non
1497 4089 1733 4153 codicis
1779 4090 2117 4153 cuiusdam
2148 4113 2184 4155 a
2214 4092 2439 4156 ceteris

310 4195 551 4259 diuersi
593 4195 910 4279 hodieque
950 4196 1160 4280 ignoti
1214 4194 1489 4278 uestigia
1532 4207 1824 4259 secutum
1868 4216 2004 4259 esse
2050 4199 2160 4260 sed
2204 4198 2440 4282 puerili

2020 4296 2048 4349 J
2065 4298 2093 4325 ἢ
