3052 4823
987 407 992 412 .
1053 371 1114 412 T.
1153 369 1295 415 L1v1
1327 370 1763 414 XLI—XLHH.
2400 354 2484 412 45

348 521 518 584 inter
551 516 963 582 Masinissam
991 528 1057 581 et
1085 518 1651 602 Carthaginienses
1682 521 1761 583 de
1785 541 1938 603 agro
1960 519 2085 584 fuit
2107 519 2210 583 lis.
2242 519 2377 583 dies
2391 520 2484 584 eis
2537 523 2545 530 ‘

353 623 436 684 ad
465 620 957 702 disceptandum
987 640 1026 682 a
1055 631 1286 683 senatu
1316 622 1529 684 datus.
1597 622 1797 705 legati
1824 621 2003 686 missi
2042 623 2123 685 ad
2160 621 2362 686 socias
2394 622 2481 684 ci·
2518 689 2537 702 ae

350 721 590 786 uitates
622 743 932 804 regesque
960 723 1278 804 rogandos
1307 732 1383 785 ut
1409 721 1480 784 in
1509 725 1637 785 fide
1660 717 2145 807 permanerent,
2182 722 2480 786 dubitan-

353 823 542 890 tibus,
560 823 858 886 Rhodiis.
923 824 1200 887 lustrum
1240 845 1279 886 a
1319 823 1688 887 censoribus
1735 825 2071 887 conditum
2110 833 2228 887 est.
2290 845 2486 887 censa

287 938 318 986 5
351 936 507 988 sunt
549 925 793 988 ciuium
835 924 1045 1008 capita
1074 945 1338 989 ochvn
1369 945 1639 988 coxxn.
1690 948 1789 989 res
1819 927 2483 1009 praetereaaduersus

355 1028 584 1090 Corsos
615 1036 681 1089 et
713 1026 984 1110 Ligures
1015 1048 1312 1110 prospere
1341 1036 1557 1110 gestas
1588 1027 1897 1090 continet.

2502 995 2562 1052 A,

1082 1261 1211 1323 EX
1255 1262 1429 1324 LIB.
1480 1260 1747 1323 XLIII.

358 1430 688 1492 Praetores
731 1429 992 1513 aliquod
1035 1452 1110 1494 eo
1154 1430 1325 1512 quod
1377 1449 1569 1492 auare
1610 1438 1675 1490 et
1727 1429 2067 1493 crudeliter
2117 1428 2483 1511 prouincias

356 1530 965 1594 administrauerant
995 1531 1286 1596 damnati
1328 1540 1503 1593 sunt.
1567 1531 1645 1592 P.
1694 1529 1985 1593 Licinius
2031 1532 2298 1600 Crassus
2341 1550 2481 1612 pro-

257 1643 324 1692 10
356 1653 485 1694 cos.
539 1633 874 1714 conplures
916 1632 986 1696 in
1033 1633 1308 1696 Graecia
1351 1632 1541 1694 urbes
1588 1631 1991 1714 expugnauit
2030 1642 2094 1694 et
2139 1630 2485 1713 crudeliter

359 1733 688 1816 corripuit.
765 1735 844 1797 ob
889 1734 960 1796 id
999 1733 1277 1816 captiui,
1337 1732 1448 1816 qui
1479 1732 1560 1794 ab
1592 1753 1668 1793 eo
1698 1734 1818 1795 sub
1849 1754 2083 1795 corona
2118 1731 2481 1805 uenierant,
2513 1742 2519 1750 '

363 1856 445 1896 ex
493 1835 620 1898 SC.
669 1845 892 1916 postea
942 1835 1226 1910 restituti
1269 1845 1442 1898 sunt.
1515 1833 1676 1896 item
1717 1854 1756 1895 a
1798 1832 2137 1915 praefectis
2179 1832 2483 1895 classium

360 1937 804 1997 Romanarum
831 1937 1040 1999 multa
1068 1936 1436 2019 inpotenter
1462 1935 1534 1997 in
1564 1934 1767 1998 socios
1809 1934 2000 1998 facta.
2063 1957 2162 1998 res
2206 1955 2245 1996 a
2289 1936 2485 1997 Perse

359 2057 510 2118 rege
538 2035 609 2097 in
641 2036 914 2100 Thracia
941 2058 1239 2120 prospere
1284 2048 1497 2121 gestas
1529 2035 1819 2099 continet
1847 2035 2037 2098 uictis
2068 2035 2391 2100 Dardanis
2420 2049 2487 2098 et

260 2149 326 2198 15
359 2135 584 2220 Illyria
600 2184 622 2212 ‚
677 2137 860 2200 cuius
911 2159 1025 2200 rex
1069 2148 1202 2201 erat
1246 2138 1547 2202 GentiuS.
1624 2148 1840 2200 motus
1857 2185 1877 2213 ,
1919 2137 2133 2220 quiin
2160 2135 2485 2219 Hispania

360 2239 440 2300 ab
472 2238 744 2301 Olonico
773 2239 981 2302 factus
1013 2248 1170 2314 erat,
1207 2239 1347 2322 ipso
1377 2240 1763 2322 interempto
1793 2238 2104 2300 consedit.
2142 2239 2239 2301 M.
2265 2236 2485 2301 Aemi-

360 2338 580 2402 milius
612 2338 897 2423 Lepidus
928 2363 968 2403 a
997 2340 1362 2404 censoribus
1393 2341 1690 2424 princeps
1724 2349 1985 2403 senatus
2015 2340 2243 2402 lectus.

1065 2575 1194 2637 EX
1238 2576 1415 2636 Lm.
1465 2529 1771 2639 mn.
1813 2530 1821 2537 ⁵
1919 2664 1925 2669 .

364 2742 447 2809 Q.
485 2740 768 2805 Marcius
799 2741 1145 2825 Philippus
1174 2764 1288 2826 per
1317 2741 1530 2806 inuios
1576 2742 1779 2807 saltus
1823 2741 2190 2825 penetrauit
2228 2740 2299 2803 in
2344 2742 2487 2803 Ma-

259 2852 328 2901 20
365 2842 696 2905 cedoniam
726 2852 808 2905 et.
836 2844 1173 2926 conplures
1217 2846 1407 2908 urbes
1454 2843 1819 2927 occupauit.
1884 2842 2129 2906 Rhodii
2170 2842 2488 2905 miserunt

361 2942 606 3025 legatos
651 2945 962 3018 Romam,
1010 2944 1453 3007 minantes-ut
1498 2948 1733 3008 Perseo
1774 2944 2017 3007 auxilio
2061 2952 2312 3019 essent,
2360 2941 2490 3005 nisi

360 3044 638 3126 populus
670 3046 1003 3107 Romanus
1035 3068 1182 3108 cum
1212 3046 1328 3108 illo
1355 3067 1577 3128 pacem
1612 3046 1819 3126 adque
1864 3043 2217 3106 amicitiam
2260 3043 2489 3124 iunge·
2548 3040 2657 3125 σς

364 3154 483 3207 ret.
531 3144 798 3227 indigne
842 3144 912 3207 id
950 3146 1180 3209 latum.
1218 3142 1394 3241 'cum
1436 3145 1504 3208 id
1542 3146 1790 3208 bellum
1832 3146 1911 3207 L.
1956 3141 2237 3207 Aemilio
2282 3124 2537 3204 Paulo*

364 3246 690 3329 sequentis
751 3246 908 3309 anni
975 3269 1104 3311 cos.
1168 3246 1402 3310 iterum
1445 3247 1826 3309 mandatum
1869 3252 2067 3321 esset,
2126 3243 2372 3307 Paulus
2420 3241 2491 3304 in
2538 3258 2543 3261 ·

368 3474 390 3523 1
415 3472 524 3525 fuit
547 3472 634 3525 lis.
664 3474 781 3527 dies
807 3475 884 3528 eis
908 3475 1130 3545 scripsi.-
1168 3475 1274 3529 fuit
1299 3475 1458 3530 dictis
1481 3488 1545 3540 N,
1573 3476 1680 3529 fuit
1704 3475 1821 3529 dies
1848 3492 1913 3538 ςν
1928 3514 1941 3539 ,
1973 3473 2218 3544 quaestio
2242 3473 2351 3527 fuit
2374 3472 2491 3525 dies

363 3550 440 3602 eis
456 3568 506 3613 ς,
536 3550 642 3605 fuit
665 3552 913 3615 arbiter-3
938 3552 955 3623 ss
984 3557 1014 3605 2
1029 3553 1277 3606 ciuitates
1303 3552 1476 3606 socias
1501 3559 1558 3606 et
1580 3570 1736 3623 reges
1754 3569 1819 3615 ςν
1844 3552 1861 3621 ss
1888 3554 1919 3603 4
1933 3550 2121 3605 rhodis
2138 3549 2227 3619 Nss
2255 3554 2491 3604 500Lv11

360 3628 512 3681 milia
537 3646 619 3693 ςν,
649 3642 886 3683 CCXLVII
910 3631 1062 3683 milia
1091 3651 1144 3693 ς.
1172 3643 1460 3684 CCLXVIIII
1498 3630 1649 3683 milia
1674 3638 1731 3683 et
1752 3644 1831 3683 xv
1850 3630 2045 3681 Liuius
2074 3632 2137 3681 10
2164 3627 2181 3697 Ι]
2208 3631 2239 3679 9
2264 3626 2496 3679 admini-

359 3711 620 3758 strassent
645 3724 711 3769 ςν
735 3706 754 3775 ΙΙ
785 3708 848 3759 10
873 3707 1218 3776 quamplures
1246 3722 1312 3767 ςν
1336 3705 1354 3775 ΙΙ
1386 3709 1444 3757 11
1474 3705 1705 3775 diripuit
1739 3724 1771 3759 r
1796 3705 1814 3775 ΙΙ
1841 3705 1943 3758 sub
1979 3721 2179 3758 corona
2214 3722 2299 3755 om
2323 3721 2355 3756 r
2380 3704 2397 3772 ΙΙ
2430 3708 2491 3755 12

361 3798 428 3833 ex
456 3780 557 3833 SC.
586 3798 646 3832 r.-
683 3790 740 3835 et
762 3795 862 3847 Νς,
891 3782 994 3835 etsi
1019 3802 1070 3846 ς,
1101 3789 1156 3834 et
1173 3781 1277 3850 ipsi
1309 3798 1347 3849 9
1375 3782 1391 3850 ΙΙ
1417 3782 1551 3833 item
1574 3798 1659 3833 om
1684 3799 1715 3832 r
1740 3782 1758 3851 11
1790 3785 1851 3835 13
1886 3796 2231 3833 romanorum
2254 3791 2340 3840 Νς
2364 3779 2381 3848 ΙΙ
2407 3796 2495 3831 res

359 3865 638 3929 praeterea
659 3878 692 3913 r
715 3861 733 3929 ss
769 3878 960 3929 perseo
987 3878 1053 3923 ςν
1077 3860 1094 3929 {i
1127 3861 1189 3910 14
1202 3864 1258 3911 et
1275 3858 1435 3911 uictis
1457 3870 1591 3921 Νςν,
1620 3865 1676 3911 e‘t
1700 3859 1786 3911 del
1804 3857 2107 3910 Frobenius
2134 3857 2153 3925 [ι
2183 3859 2244 3906 15
2282 3855 2493 3925 illyrico

361 3954 430 3999 ςν
454 3936 472 4004 [Ι
497 3944 664 4006 gento
688 3949 750 4001 N,
780 3937 943 4005 genio
963 3954 1018 4006 9,
1047 3935 1264 4006 gemino
1292 3953 1328 3997 ς
1351 3935 1370 4005 ss
1401 3938 1463 3987 16
1489 3934 1695 3986 clenico
1722 3952 1757 3996 ς
1782 3935 1799 4004 ΙΙ
1831 3937 1889 3986 17
1918 3941 2136 3987 senatus
2160 3949 2245 3982 om
2268 3943 2380 3994 Νς,
2432 3929 2489 3981 in

359 4020 553 4067 senatu
577 4031 608 4064 r
633 4015 652 4083 11
683 4017 743 4066 19
779 4014 961 4066 inuios
996 4032 1081 4065 om
1119 4030 1150 4064 r
1173 4012 1192 4082 ΙΙ
1219 4012 1275 4065 in
1311 4032 1396 4065 om
1431 4025 1481 4065 Ν
1503 4012 1521 4081 ss
1550 4015 1614 4064 20
1654 4013 2066 4081 compluresque
2104 4011 2211 4081 (om
2250 4011 2326 4081 et)
2358 4027 2423 4071 ςν
2449 4010 2467 4077 ss

356 4089 552 4142 misere
579 4107 645 4151 ςν
670 4091 688 4159 ΙΙ
716 4093 775 4142 21
807 4089 922 4143 fore
947 4098 1012 4143 ut
1031 4090 1342 4143 Perizonius
1368 4090 1386 4159 u
1412 4088 1681 4141 minantes
1720 4088 1777 4141 se
1814 4106 2003 4159 perseo
2041 4088 2247 4141 auxilio
2277 4087 2498 4141 futuros

362 4184 398 4227 ς
422 4166 442 4235 ΙΙ
467 4171 652 4217 essent
673 4166 878 4217 auxilio
903 4182 933 4217 r
959 4166 1068 4235 11-22
1095 4183 1219 4217 cum
1245 4182 1309 4216 eo
1337 4181 1402 4226 ςν
1428 4164 1448 4232 ΙΙ
1475 4162 1840 4233 coniungeret,
1856 4180 1886 4215 r
1912 4163 1929 4233 ss
1956 4156 1963 4163 ”
