3052 4823
935 361 998 404 r.
1036 358 1180 404 L1v1
1211 360 1865 404 LXXVIIII—LXXXII.
2396 342 2474 403 79

343 554 556 621 retur,
602 543 819 627 gladio
850 564 916 606 se
948 543 1290 606 transfixit.
1341 552 1405 605 et
1434 542 1596 606 citra
1625 544 1760 605 ulla
1790 542 2052 605 comitia
2082 544 2374 607 consules
2406 544 2476 607 in

346 656 722 729 sequentem
764 666 1011 708 annum
1059 667 1124 708 se
1169 645 1340 727 ipsos
1382 644 1941 707 renuntiauerunt.
1993 646 2340 727 eodemque
2372 646 2476 709 die

348 770 475 831 quo
504 748 959 829 magistratum
989 746 1268 809 inierant
1298 745 1547 808 Marius
1580 746 1729 807 Sex.
1762 745 2086 809 Licinium
2116 758 2477 811 senatorem

347 853 428 913 de
489 874 644 914 saxo
690 834 857 912 deici
899 848 1126 923 iussit,
1183 846 1498 929 editisque
1538 846 1833 929 plurimis
1877 847 2218 911 sceleribus
2260 849 2475 913 idibus

281 964 312 1013 5
344 954 609 1016 Ianuar.
647 935 950 1025 decessit,
988 949 1114 1024 uir,
1161 948 1346 1011 cuius
1379 947 1435 1011 si
1465 948 1918 1014 examinentur
1946 971 2095 1011 cum
2124 950 2476 1015 uirtutibus

345 1052 546 1130 uitia,
581 1053 742 1114 haut
769 1036 956 1114 facile
985 1050 1070 1113 sit
1099 1050 1302 1121 dictm
1334 1061 1554 1112 utrum
1582 1050 1753 1112 bello
1783 1050 2007 1113 melior
2036 1072 2121 1113 an
2149 1074 2305 1134 pace
2335 1074 2474 1135 per-

346 1153 650 1217 niciosior
678 1151 894 1216 fuerit.
931 1153 1090 1215 adeo
1121 1171 1316 1233 quam
1345 1172 1480 1213 rem
1507 1150 1837 1232 publicam
1860 1163 2139 1216 armatus
2165 1154 2470 1229 seruauit,

345 1278 490 1319 eam
519 1255 728 1338 primo
773 1264 1030 1337 togatus
1075 1274 1264 1315 omne
1309 1274 1543 1335 genere
1582 1252 1823 1317 fraudis
1842 1302 1861 1329 ,
1917 1265 2237 1337 postremo
2283 1256 2477 1319 armis

345 1356 671 1420 hostiliter
698 1355 953 1419 euertit.

258 1612 318 1661 ιο
441 1568 448 1579 “
1036 1598 1164 1661 EX
1209 1600 1386 1661 LIB.
1438 1597 1769 1660 LXXXI.

352 1787 429 1849 L.
479 1786 660 1869 Sylla
701 1785 992 1848 Athenas
1013 1832 1032 1859 ,
1079 1806 1237 1866 quas
1279 1784 1631 1847 Archelaus
1671 1781 2030 1865 praefectus
2075 1786 2475 1851 Mithridatis

351 1898 775 1971 occupauerat
793 1934 813 1962 ‚
867 1886 1370 1949 circumsedente
1398 1913 1433 1947 ι
1485 1895 1551 1947 et
1581 1907 1729 1947 cum
1773 1906 2007 1968 magno
2036 1887 2250 1951 labore
2280 1912 2477 1973 expu-

351 1999 614 2071 gnaret,
671 1988 818 2051 urbi
858 1987 1220 2050 libertatem
1251 1996 1314 2049 et
1344 2008 1506 2069 quae
1537 1987 1897 2050 habuerant
1947 1989 2246 2053 reddidit.
2335 1992 2477 2055 Ma-
2529 2029 2535 2036 ·

351 2091 610 2173 gnesia,
645 2072 810 2174 quae
851 2091 988 2152 sola
1016 2088 1084 2150 in
1115 2087 1273 2152 Asia
1303 2087 1533 2151 ciuitas
1563 2088 1631 2150 in
1672 2091 1800 2152 fide
1840 2102 2193 2167 manserat,
2228 2114 2480 2155 summa

257 2203 320 2253 15
351 2192 593 2255 uirtute
625 2195 934 2256 aduersus
966 2190 1392 2254 Mithridaten
1422 2190 1683 2253 defensa
1713 2203 1832 2253 est.
1897 2203 2221 2275 praeterea
2257 2215 2476 2256 6116111-
2591 2205 2599 2237 ²

353 2293 566 2358 siones
597 2295 922 2358 Thracum
950 2292 1021 2355 in
1052 2290 1502 2355 Macedoniam
1532 2290 1841 2354 continet.
2520 2240 2601 2321 X}

1019 2547 1147 2610 EX
1192 2548 1368 2609 LIB.
1425 2547 1795 2610 LXXXII.

286 2789 294 2796 .
355 2735 537 2818 Sylla
566 2735 781 2818 copias
810 2734 1002 2817 regis,
1036 2755 1199 2817 quae
1230 2733 1612 2796 Macedonia
1642 2744 1948 2816 occupata
1978 2733 2045 2796 in
2079 2733 2480 2798 Thessaliam

353 2845 699 2913 uenerant,
740 2835 980 2918 proelio
1022 2835 1218 2911 uicit,
1256 2835 1455 2898 caesis
1501 2835 1789 2898 hostium
1832 2847 2091 2899 centum
2121 2835 2384 2900 milibus
2415 2848 2480 2900 et

253 2949 322 2998 20
352 2937 576 2999 castris
622 2958 874 3020 quoque
920 2937 1328 3019 expugnatis.
1401 2949 1712 3000 renouato
1758 2938 1988 3001 deinde
2030 2938 2202 3000 bello
2242 2937 2478 3000 iterum

351 3039 708 3102 exercitum
737 3039 903 3122 regis
933 3038 1101 3100 fudit
1131 3061 1206 3101 ac
1236 3039 1500 3102 deleuit.
1552 3039 1905 3101 Archelaus
1948 3059 2097 3100 eum
2136 3038 2338 3101 classe
2382 3061 2476 3102 re·

353 3139 460 3224 gia
503 3140 720 3224 Syllae
764 3163 832 3204 se
875 3141 1162 3204 tradidit.
1243 3142 1320 3203 L.
1371 3139 1671 3205 Valerius
1714 3140 1986 3203 Flaccus
2026 3160 2185 3213 cos.,
2234 3140 2479 3223 collega

355 3241 607 3305 Cinnae
625 3291 646 3319 ,
679 3242 913 3306 missus
945 3253 1019 3305 ut
1051 3243 1266 3326 Syllae
1294 3243 1679 3316 succederet,
1722 3248 1982 3323 propter
2011 3237 2348 3302 auaritiam
2379 3241 2477 3303 in-

354 3342 538 3406 uisus
569 3342 880 3406 exercitui
909 3365 1025 3406 suo
1056 3365 1095 3405 a
1125 3345 1200 3407 C.
1238 3343 1522 3407 Fimbria
1562 3343 1775 3426 legato
1804 3340 2033 3424 ipsius,
2068 3341 2334 3406 ultimae
2366 3366 2478 3407 au-

255 3455 322 3504 25
353 3443 573 3506 daciae
601 3444 886 3520 homine,
920 3445 1166 3508 occisus
1199 3455 1297 3508 est
1327 3456 1393 3509 et
1422 3445 1766 3530 imperium
1790 3445 1869 3506 ad
1894 3443 2243 3508 Fimbriam
2274 3455 2476 3509 trans-

351 3535 584 3608 latum.
629 3555 954 3628 praeterea
998 3557 1403 3631 expugnatae
1431 3549 1502 3611 in
1534 3548 1690 3612 Asia
1706 3548 1907 3610 urbes
1938 3569 1976 3609 a
2004 3546 2385 3611 Mithridate
2414 3561 2479 3611 et

349 3861 382 3910 4
409 3857 658 3927 pluribus
685 3878 736 3924 ς,
765 3858 952 3913 multis
976 3877 1007 3911 r
1032 3860 1050 3929 11
1079 3864 1110 3913 6
1135 3859 1301 3912 doctu
1338 3877 1369 3911 r
1394 3859 1412 3930 ss
1439 3863 1470 3912 9
1505 3859 1777 3923 hostiliter
1800 3877 1883 3911 om
1921 3876 1953 3910 r
1978 3859 1995 3927 ΙΙ
2027 3861 2083 3910 11
2122 3859 2478 3914 mithridratis

347 3947 400 3990 N
421 3937 438 4005 Η
469 3940 531 3989 12
559 3945 850 4007 occuparat
873 3956 904 3990 r
930 3937 947 4007 ΙΙ
974 3937 1321 3991 circumsedit
1355 3957 1420 4001 ςν
1492 3939 1727 3991 maximo
1765 3956 1797 3990 r
1824 3939 1841 4006 ΙΙ
1879 3946 2218 4009 expugnaret
2251 3942 2475 4010 sampsi.-

349 4031 665 4084 expugnare
687 4027 750 4081 N,
781 4015 1123 4086 expugnauit
1148 4033 1230 4079 ςν,
1261 4021 1612 4086 expugnante
1623 4033 1660 4084 9
1687 4014 1703 4084 ss
1736 4019 1795 4067 13
1810 4023 1865 4068 et
1878 4015 2089 4068 ciuibus
2116 4033 2252 4085 quae
2274 4017 2477 4076 habue-

343 4100 471 4146 rant
493 4111 525 4145 r
551 4096 568 4163 ΙΙ
600 4098 663 4148 16
687 4113 772 4148 168
797 4096 1042 4149 thracum
1071 4113 1106 4156 ς
1129 4096 1148 4164 ΙΙ
1173 4094 1420 4148 trachum
1459 4107 1511 4147 N
1532 4094 1549 4164 ΙΙ
1576 4095 1822 4146 thracum
1860 4099 2015 4162 gesta
2045 4112 2082 4163 q
2108 4094 2126 4165 ss
2163 4097 2478 4153 macedonia

349 4187 416 4232 ςν
441 4170 459 4241 ΙΙ
486 4177 642 4239 gesta
665 4171 911 4224 continet
938 4189 1004 4233 ςν
1028 4170 1046 4242 ss
1078 4173 1138 4223 19
1165 4178 1220 4224 et
1243 4190 1326 4224 om
1361 4189 1392 4224 r
1418 4172 1436 4242 ΙΙ
1464 4174 1522 4224 21
1556 4169 1850 4224 exercitum
1876 4170 1989 4223 eius
2014 4187 2045 4222 r
2070 4171 2087 4242 ΙΙ
