3052 4823
1000 325 1040 354 ’-
1133 307 1609 376 Ριιοιιιοιοιιιιι
1644 331 1865 376 LIBER.
1988 379 2049 398 -.
2452 314 2573 379 135

447 465 778 548 mentibus
797 483 1078 546 aduersa
1105 477 1368 544 fuerunt
1397 482 1695 546 fulmina.
1726 503 1997 546 examen
2022 480 2243 564 apiu'm
2270 482 2343 544 in
2374 482 2575 565 signis
2668 473 2675 480 ⁸

445 629 500 656 ..
517 584 867 677 portendit.
915 583 1217 658 nocturni
1246 595 1514 648 terrores
1546 583 1933 652 inexercitu
1963 584 2161 646 fuere.
2214 569 2361 666 ipse·
2384 586 2574 648 Pom·
2660 583 2665 588 ’

419 689 628 772 peius
687 687 893 771 pridie
949 708 1208 770 pugnae
1261 669 1433 772 diem
1486 683 1667 776 uisus
1723 686 1793 748 in
1848 683 2101 750 theatro
2154 707 2272 748 suo
2323 685 2577 768 ingenti

447 789 678 873 plausu
711 788 942 872 excipi,
993 789 1310 878 mox-acie
1341 785 1557 855 uictus
1586 791 1655 854 in
1685 790 1982 872 Aegypto
2012 787 2280 851 occisus.
2332 809 2406 858 eo
2436 787 2576 870 ipso

247 937 252 942 -
392 906 422 954 5
452 893 556 956 die
585 892 906 976 plerisque
937 891 1094 962 locis
1127 897 1308 975 signa
1337 916 1454 975 sua
1485 902 1713 976 sponte
1744 912 2055 958 conuersa
2106 917 2176 966 we,
2234 889 2595 955 clamorem-

321 988 336 1000 ”
447 995 890 1078 crepitumque
919 1015 1238 1058 armorum
1269 994 1657 1080 Antiochiae
1686 995 1786 1060 bis
1830 1004 1905 1066 ut
1950 1002 2309 1057 curreretur
2337 991 2407 1054 in
2438 1014 2576 1054 ιιιιι-

445 1110 553 1161 r'us
603 1097 896 1162 auditum
915 1145 934 1172 ,
1005 1103 1044 1173 †
1085 1096 1373 1179 indeque
1427 1120 1661 1162 sonum
1724 1077 2180 1182 tympanorum
2249 1088 2569 1184 Pergami.

447 1201 662 1284 palma
693 1199 918 1264 uiridis
951 1198 1336 1262 Trallibus
1317 1223 1388 1262 m
1433 1202 1589 1268 aede
1619 1199 1943 1265 Victoriae
1974 1200 2093 1262 sub
2124 1197 2417 1268 Caesaris
2450 1207 2576 1262 sta-

445 1311 557 1364 tua
599 1300 772 1364 inter
812 1287 1192 1382 coagmenta
1234 1302 1530 1386 lapidum
1572 1287 2021 1386 magnitudine
2065 1311 2316 1364 matura
2356 1301 2570 1376 enata.

352 1416 412 1477 10
443 1405 536 1467 C..
557 1403 896 1466 Cornelius
923 1423 1137 1485 augur
1179 1402 1440 1465 Patauii
1485 1426 1561 1466 eo
1604 1403 1706 1466 die
1748 1407 1895 1466 cum
1940 1423 2092 1466 aues
2134 1398 2570 1476 admitterent,

445 1503 870 1618 proclamauit
898 1527 1034 1566 rem
1057 1504 1200 1586 'geri
1232 1515 1296 1567 et
1325 1505 1587 1568 uincere
1616 1497 1975 1616 Gaesarem.

385 1709 520 1773 ..C
559 1708 830 1772 Caesare
847 1706 957 1778 Μ.
994 1707 1240 1790 Lepido
1270 1731 1432 1772 0055.
1479 1712 1701 1774 decem
1741 1683 2085 1795 legionum
2104 1659 2354 1790 aquilae
2386 1708 2572 1778 Gneo
2643 1704 2721 1760 66

443 1811 566 1874 Cn.
605 1809 900 1894 Pompeii
931 1809 1066 1874 filio
1098 1808 1259 1896 quae
1289 1802 1565 1876 fulmina
1612 1815 1919 1878 tenebant
1948 1810 2127 1876 uisae
2159 1809 2479 1892 dimittere
2510 1817 2575 1872 et
2610 1783 2787 1868 [¹25]

445 2083 466 2178 l
497 2099 697 2176 Florus
722 2135 843 2187 1111,
876 2121 950 2176 2‘
935 2141 1254 2196 ‚numquam
1290 2125 1624 2181 imminentis
1662 2127 1853 2181 ruinae
1890 2124 2261 2180 manifestiora
2296 2121 2572 2207 prodigia.

437 2202 574 2271 fuga
598 2201 961 2264 uictimarum,
993 2201 1244 2254 examina
1279 2202 1334 2254 in
1374 2203 1575 2274 signi8‚
1622 2203 1870 2265 interdiu
1898 2203 2172 2256 tenebrae.
2224 2201 2338 2252 dux
2378 2199 2493 2268 i‘pse
2519 2196 2577 2250 in
2642 2233 2647 2238 ·

439 2288 708 2336 nocturna
731 2278 967 2346 imagine
993 2279 1188 2346 plausu
1214 2280 1414 2332 theatri
1441 2282 1525 2332 sui
1551 2281 1607 2332 in
1634 2282 1856 2333 modum
1871 2281 2122 2351 planctus
2148 2279 2576 2331 circumsonatus
2597 2275 2603 2281 ’

441 2365 495 2409 et
521 2373 676 2408 mane
703 2367 836 2407 cum
849 2353 1001 2424 pullo
1014 2353 1191 2424 pallio
1218 2385 1283 2394 —
1310 2353 1474 2407 nefas
1498 2387 1543 2411 ,-
1579 2360 1712 2426 aput
1748 2355 2015 2426 principia
2034 2359 2359 2422 conspectus
2385 2347 2499 2413 est?
2513 2355 2549 2419 11

449 2436 694 2489 Valerius
722 2432 999 2487 Maximus
1024 2446 1065 2496 1,
1099 2438 1147 2497 6,
1183 2436 1243 2485 12
1274 2429 1398 2485 ‘Cn.
1427 2433 1588 2485 etiam
1615 2428 1937 2502 Pompeium
1961 2430 2210 2521 luppiter
2232 2426 2575 2497 omnipotens

436 2509 651 2567 abunde
667 2518 962 2581 monuerat
1026 2544 1035 2549 -‹
1078 2527 1296 2600 egresso
1319 2528 1352 2561 a
1375 2511 1679 2581 Dyrrachio
1704 2510 1933 2565 aduersa
1976 2510 2193 2581 agmini
2206 2508 2321 2561 eius
2346 2507 2575 2559 fulmina

441 2592 666 2655 iaciens,
698 2574 1037 2645 examinibus
1062 2607 1228 2659 apum
1255 2586 1410 2653 signa
1435 2588 1807 2653 obscurando,
1839 2578 2019 2642 subita
2044 2588 2265 2641 tristitia
2287 2585 2576 2655 implicatis

438 2671 673 2724 militum
698 2670 878 2733 armis,
908 2668 1189 2722 nocturnis
1217 2667 1384 2722 totius
1410 2668 1680 2722 exercitus
1706 2629 2288 2743 teri-oribu5‚ab’1psis
2314 2665 2574 2718 altaribus

440 2750 762 2803 hostiarum·
780 2748 931 2817 fuga.
981 2779 1034 2787 -
1091 2764 1199 2817 quo
1237 2746 1400 2817 [die]
1442 2755 1658 2803 constat
1695 2748 1751 2800 in
1792 2747 2035 2803 delubris
2059 2747 2223 2802 deum
2260 2762 2359 2797 sua
2383 2750 2576 2813 sponte

435 2828 596 2899 signa,
613 2834 908 2888 conuersa,
956 2822 1244 2877 militarem
1272 2824 1558 2877 clamorem
1586 2825 1999 2914 strepitumque·
2006 2841 2278 2879 armorum
2304 2823 2439 2875 adeo
2465 2840 2576 2875 ma-

437 2923 604 2975 gnum
633 2903 958 2956 Antiochiae
985 2910 1040 2955 et
1087 2902 1426 2963 Ptolemaide
1465 2901 1713 2953 auditum
1746 2908 1816 2953 ut
1852 2901 1908 2953 in
1934 2917 2117 2953 muros
2144 2905 2571 2960 concurreretur,

437 3002 628 3038 sonum
656 2978 1038 3073 tympanorum
1063 2980 1313 3050 Pergami
1339 2980 1516 3049 adytis
1555 2979 1769 3032 delubri
1805 2979 2044 3042 editum,
2085 2978 2318 3049 palmam
2346 2976 2575 3029 uiridem

437 3062 747 3117 Trallibus’
733 3079 789 3113 ιιι
815 3060 946 3113 aede
972 3057 1242 3109 Victoriae
1279 3057 1382 3109 sub
1410 3057 1653 3111 Caesaris
1690 3064 1871 3109 statua
1908 3057 2058 3109 inter
2086 3061 2407 3123 coagmenta
2430 3051 2575 3122 lapi-

438 3145 586 3198 dum
594 3142 768 3195 iustae
793 3136 1188 3208 magnitudinis
1213 3134 1463 3190 enatam?
1495 3142 1512 3206 11
1542 3140 1571 3187 -2
1610 3136 1858 3191 consedit
1902 3133 2303 3203 Oudendovpiua
2330 3134 2347 3201 11
2369 3137 2405 3184 3
2432 3130 2574 3183 diem

361 3238 368 3243 ·
437 3221 776 3289 Schefferus:
815 3218 904 3269 die
943 3234 977 3267 a
1004 3230 1020 3284 11
1050 3219 1076 3267 7
1116 3214 1172 3266 in
1200 3214 1285 3266 dei
1315 3214 1448 3267 aede
1485 3214 1887 3283 Oudendorpius
1915 3214 1931 3283 11
1960 3217 1990 3265 9
2016 3221 2227 3266 matura
2270 3208 2575 3263 Oudendor-

425 3300 593 3370 pius.-
631 3304 839 3348 mature
863 3312 897 3345 a
923 3294 940 3362 11
973 3295 1034 3343 10
1059 3290 1389 3343 Plutarchus
1413 3290 1530 3343 uita
1572 3292 1819 3344 Caesari-5
1844 3294 1907 3342 47
1945 3294 2002 3347 ἐν
2028 3291 2088 3342 δὲ
2114 3276 2388 3355 Παταβίῳ
2413 3283 2577 3345 Γάιος

369 3418 398 3433 .,
434 3368 766 3446 Κορνῆλιος,
808 3367 947 3437 ἀνὴρ
973 3365 1266 3438 εὐδόκιμός·
1285 3370 1384 3421 ἐπὶ
1419 3372 1691 3441 μαντέκῇ,
1720 3373 1925 3436 Λιβίου
1952 3372 2047 3421 τοῦ
2074 3369 2442 3436 συγγραφέως
2468 3384 2593 3417 πο-.

435 3459 586 3521 λίτης
609 3454 704 3509 καὶ
726 3447 1021 3521 γνώριμος,
1051 3443 1380 3516 ἐτύγχανεν
1379 3445 1464 3501 ἐπ’
1493 3452 1629 3501 οἵων
1631 3454 1712 3507 οἷς
1736 3444 1992 3519 καθήαεν
1994 3466 2052 3507 ος
2076 3448 2289 3513 ἐκείνην
2316 3444 2414 3527 τὴν
2438 3440 2575 3517 ἡμέ-

437 3550 560 3605 ραν.
595 3534 690 3584 καὶ
716 3533 942 3600 πρῶτον
963 3528 1084 3599 μὲν,
1115 3523 1189 3586 ὡς
1197 3524 1434 3592 Λίβιόζ-
1429 3541 1613 3596 melnen
1630 3524 1741 3579 τὸν
1765 3524 1960 3599 καιρὸν
1986 3528 2126 3597 ἔγνω
2154 3530 2249 3592 τῆς
2263 3524 2455 3597 μάχης
2477 3527 2573 3577 καὶ

439 3607 578 3681 πρὸς
604 3605 731 3667 τοὺς
757 3603 1042 3675 παρόντας
1069 3606 1175 3673 ἔφη
1201 3598 1289 3657 ὅτι
1313 3609 1406 3657 καὶ
1433 3603 1500 3672 δὴ
1521 3611 1861 3676 περαίνεται
1897 3602 1955 3657 τὸ
1975 3610 2195 3677 χοῆμα
2191 3608 2306 3657 καὶ
2314 3610 2574 3657 συνίασιν

439 3693 516 3749 εἷς
542 3690 703 3757 ἔργον
727 3687 780 3737 οἱ
807 3679 1025 3754 ἄνδρες.
1077 3675 1243 3742 αὖθις
1279 3685 1340 3736 δὲ
1378 3681 1519 3751 πρὸς
1553 3688 1667 3756 τῇ
1655 3688 1760 3750 ’θέᾳ
1799 3684 2097 3772 γενόμενος
2133 3673 2229 3734 καὶ
2265 3680 2332 3734 τὰ
2370 3689 2572 3751 σηιιεῖα

435 3762 680 3819 κατιδὼν
706 3760 946 3830 ἀνήλατο
972 3758 1090 3822 μετ’
1131 3761 1546 3828 ἐνθουσιασμοῦ
1578 3762 1741 3825 βοῶν·
1797 3762 1954 3816 νικᾶς
1991 3776 2033 3808 ω
2071 3748 2316 3826 Καῖσαρ.
2366 3758 2573 3809 beala-
2630 3807 2634 3811 ,

435 3849 647 3914 γέντων
669 3843 730 3896 δὲ
756 3847 868 3895 τῶν
892 3838 1334 3913 παρατυχόντων
1359 3834 1632 3909 περιελὼν
1658 3834 1753 3890 τὸν
1770 3842 2049 3907 στέφανον
2072 3834 2192 3888 ἀπὸ
2216 3840 2309 3903 τῆς
2332 3841 2575 3906 κεφαλῆς

438 3921 783 3994 ἐνωμότως)
753 3940 880 3989 εφη,
905 3917 985 3992 μὴ
1013 3922 1151 3987 πρὶν
1175 3918 1559 3982 ἐπιθήσεσθαι
1585 3912 1757 3968 πάλιν
1781 3908 1813 3982 ἢ
1842 3916 1980 3988 τῇδε
2000 3918 2065 3988 τῇ
2094 3921 2221 3984 τέχι
2226 3934 2254 3987 ῃ
2283 3919 2573 3986 μαρτιρῆ-

437 4017 534 4054 σαι
560 3998 620 4053 τὸ
648 4002 827 4071 ἔργον.
866 4004 1041 4053 ταῦτα
1063 4001 1170 4071 μὲν
1197 3988 1294 4050 οὖν
1319 4017 1347 4048 ο
1374 4000 1573 4063 Λίβιδς
1596 3988 1658 4047 οἷ’
1665 4012 1739 4045 τω
1764 3984 2031 4063 γενέσθαι
2056 3997 2500 4084 καταβεβαιοῦτο.
2530 3994 2547 4084 11

440 4084 501 4133 12
527 4081 710 4137 decem
740 4080 1016 4149 legionum
1045 4077 1286 4151 Scheffer
1289 4093 1382 4127 ua:
1411 4074 1649 4128 decimae
1676 4072 1908 4142 legionis
1933 4091 1967 4125 a
1994 4074 2010 4142 ΙΙ
2039 4072 2197 4126 Gneo
2221 4074 2319 4127 Cn.
2348 4074 2571 4143 scripsi:

439 4159 550 4212 Gn
574 4160 651 4228 α11
