3052 4823
547 353 668 415 102
1431 366 1813 413 PERIocIIAE

542 524 638 585 M.
673 525 916 585 Brutus
947 519 1022 583 C.
1053 519 1316 585 Cassius
1345 518 1506 582 Dec.
1550 521 1795 583 Brutus
1831 518 2124 581 absentes
2165 516 2455 580 damnati
2486 526 2661 581 sunt.

539 646 689 687 cum
719 624 816 686 Μ.
852 619 1138 685 Antonio
1167 621 1337 685 uires
1366 619 1633 684 Asinius
1680 641 1933 702 quoque
1976 617 2187 683 Pollio
2229 628 2295 681 et
2325 618 2667 683 Munatius

542 726 825 789 Plancus
867 745 1016 787 cum
1061 722 1444 787 exercitibus
1487 722 1623 787 suis
1666 721 1957 785 adiuncti
2000 720 2418 805 ampliassent
2434 770 2455 797 ‚
2500 721 2695 785 Dee.·

543 830 783 890 Brutus
802 874 820 901 ‚
865 824 974 887 cui
1003 834 1264 889 senatus
1294 834 1371 887 ut
1399 833 1885 908 persequeretur
1912 822 2277 887 Antonium
2318 825 2667 888 mandaue-

540 938 677 1005 rat,
722 927 980 991 relictus
1013 949 1049 989 a
1078 926 1440 1009 legionibus
1481 926 1615 989 suis
1659 924 2048 1008 profugisset
2084 924 2173 1009 [et
2202 926 2449 1011 caesus]
2486 925 2671 989 iussu
2702 939 2737 988 5

537 1028 822 1105 Antoni,
887 1028 960 1090 in
997 1028 1182 1091 euius
1222 1037 1609 1111 potestatem
1648 1036 1947 1104 uenerat,
2011 1050 2049 1090 a
2080 1029 2341 1110 Capeno
2369 1030 2669 1111 Sequano

537 1131 911 1194 interfectus
942 1140 1060 1193 est.
1124 1131 1200 1194 C.
1239 1131 1475 1193 Caesar
1517 1150 1741 1211 pacem
1789 1150 1939 1191 cum
1979 1129 2269 1192 Antonio
2312 1139 2377 1191 et
2421 1130 2667 1213 Lepido
2772 1126 2777 1131 ’

536 1232 689 1296 fecit
729 1232 822 1295 ita
874 1242 951 1295 ut
994 1252 1079 1294 III
1121 1230 1250 1293 uiri
1289 1232 1382 1295 rei
1425 1230 1722 1313 publicae
1766 1230 2254 1294 constituendae
2314 1253 2428 1314 per
2477 1232 2666 1314 quin-

541 1324 896 1419 quennium
925 1345 1140 1397 essent
1167 1333 1304 1415 ipse
1335 1343 1398 1395 et
1437 1332 1722 1415 LepidiIs
1764 1343 1830 1396 et
1871 1332 2238 1409 Antonius,
2294 1341 2359 1395 et
2402 1345 2479 1396 ut
2520 1356 2668 1397 suos

539 1436 806 1520 quisque
847 1436 1146 1500 inimicos
1190 1434 1678 1520 proscriberent.
1738 1434 1809 1496 in
1851 1457 1979 1518 qua
2019 1434 2483 1517 proscriptione
2525 1435 2670 1518 plu·
2706 1448 2771 1498 10

539 1538 688 1602 rimi
717 1538 961 1622 equites
991 1538 1310 1615 Romani,
1344 1548 1524 1601 cxx'x
1557 1548 1927 1628 senatorum
1955 1536 2221 1599 nomina
2248 1537 2515 1600 fuerunt
2533 1584 2554 1613 ,
2603 1546 2668 1600 et

539 1641 708 1704 inter
737 1662 844 1703 eos
873 1642 951 1703 L.
989 1640 1182 1704 Pauli
1212 1640 1423 1704 fratris
1456 1641 1551 1703 M.
1590 1638 1858 1722 Lepidi,
1893 1649 1957 1701 et
1987 1641 2064 1701 L.
2102 1638 2391 1703 Caesaris
2421 1639 2670 1702 Antoni

463 1775 468 1780 ·
541 1742 877 1817 auunculi,
912 1751 976 1804 et
991 1743 1089 1804 M.
1120 1740 1468 1805 Ciceronis.
1503 1740 1699 1804 huius
1731 1740 1922 1804 occisi
1953 1761 1991 1803 a
2010 1740 2291 1823 Popillio
2318 1741 2671 1824 legionario

539 1846 771 1920 milite,
806 1866 955 1908 cum
983 1843 1249 1907 haberet
1281 1865 1483 1906 annos
1515 1862 1718 1918 LXIII,
1754 1853 1949 1925 caput
1980 1864 2232 1927 quoque
2262 1864 2413 1905 cum
2443 1843 2670 1906 dextra

539 1968 739 2010 manu
769 1946 838 2008 in
867 1945 1086 2009 rostris
1130 1946 1411 2029 positum
1459 1953 1579 2008 est.
1641 1954 1967 2027 praeterea
2010 1967 2112 2008 res
2157 1966 2196 2007 a
2226 1945 2321 2007 M.
2360 1940 2566 2007 Bruto
2595 1944 2668 2006 in
2706 1956 2769 2006 15

543 2047 816 2113 Graecia
842 2056 1056 2131 gestas
1086 2046 1410 2109 continet..

1287 2283 1417 2347 EX
1463 2283 1641 2346 LIB.
1690 2282 1927 2346 CXXI

709 2440 871 2510 QVI
915 2437 1246 2503 EDITVs
1292 2437 1521 2502 POST
1566 2398 2051 2502 EXCEssVM
2094 2435 2496 2502 AVGVSTI

849 2553 853 2557 ’
1394 2557 1804 2622 DIOITVR.

541 2765 618 2827 C.
669 2760 969 2835 Cassius,
1030 2759 1136 2822 cui
1176 2761 1558 2822 mandatum
1599 2781 1639 2822 a
1664 2770 1912 2823 'senatu
1966 2769 2105 2824 erat
2149 2769 2226 2822 ut
2267 2759 2673 2822 Dolabellam
2703 2772 2770 2822 20

538 2864 788 2927 hostem
821 2860 1176 2924 iudicatum
1204 2861 1377 2924 bello
1405 2871 1925 2945 persequeretur,
1984 2861 2366 2925 auctoritate
2414 2861 2506 2924 rei
2549 2883 2668 2944 pu-

539 2964 742 3028 blicae
774 2963 1034 3026 adiutus
1067 2961 1322 3045 Syriam
1361 2983 1514 3026 cum
1543 2962 1746 3026 tribus
1778 2963 2166 3027 exercitibus
2200 2963 2312 3047 qui
2343 2963 2408 3026 in
2444 2964 2668 3026 eadem
2760 3001 2777 3013 ι

538 3064 872 3150 prouincia
900 3075 1083 3128 erant
1112 3064 1183 3126 in
1212 3073 1596 3147 potestatem
1628 3086 1812 3127 suam
1838 3065 2106 3149 redegit,
2159 3065 2565 3128 Dolabellam
2593 3063 2665 3128 in

539 3170 694 3231 urbe
745 3167 1055 3231 Laudicia
1108 3170 1436 3232 obsessum
1485 3166 1649 3229 mori
1700 3166 1933 3249 coegit.
2012 3168 2108 3230 M.
2170 3188 2424 3251 quoque
2478 3166 2670 3230 Bruti

537 3269 719 3332 iussu
749 3272 824 3333 C.
860 3269 1185 3334 Antonius
1216 3280 1443 3353 captus
1475 3267 1721 3332 occisus
1754 3277 1870 3330 est.
2700 3279 2768 3330 25

535 3606 566 3656 2
594 3599 848 3655 antonius
871 3612 955 3663 Νς
979 3601 996 3671 ΙΙ
1023 3604 1052 3652 3
1080 3609 1136 3654 et
1168 3603 1242 3654 D.
1281 3620 1312 3654 r
1338 3602 1356 3671 ΙΙ
1383 3607 1414 3654 4
1452 3602 1824 3655 mandauisset
1860 3621 1891 3654 r
1928 3604 1945 3672 ss
1986 3607 2015 3655 5
2058 3619 2181 3655 cum
2218 3599 2549 3671 profugisset
2591 3617 2627 3662 ς
2651 3600 2669 3669 ΙΙ

537 3690 593 3736 et
634 3673 837 3734 caesus‘
855 3699 940 3732 om
980 3697 1045 3743 ςν
1071 3680 1089 3750 ΙΙ
1117 3685 1148 3734 6
1173 3698 1361 3736 caesus
1385 3701 1418 3734 a
1445 3701 1480 3745 ς
1505 3682 1522 3752 [Ι
1552 3685 1581 3733 7
1608 3682 1966 3753 interemptus
1992 3701 2023 3734 r
2048 3681 2067 3751 11
2094 3685 2125 3734 8
2152 3680 2373 3751 quidem
2406 3697 2503 3750 per
2536 3697 2568 3730 r
2594 3681 2611 3748 11
2639 3682 2671 3731 9

535 3765 846 3832 praeessent
878 3777 909 3811 r
936 3758 953 3828 ss
978 3759 1094 3830 ipse
1120 3759 1362 3829 Lepidus
1400 3778 1432 3813 r
1468 3761 1485 3832 ΙΙ
1524 3761 1803 3814 Antonius
1830 3768 2142 3814 statuerunt
2164 3765 2228 3812 ut
2252 3776 2283 3810 r
2308 3760 2327 3830 ΙΙ
2359 3761 2415 3810 11
2462 3758 2672 3812 romani

534 3860 618 3896 om
646 3857 712 3904 ςν
737 3841 754 3910 [1
778 3840 994 3893 fuerant
1017 3855 1048 3889 r
1085 3837 1102 3908 ss
1147 3841 1208 3892 13
1245 3845 1302 3892 et
1326 3857 1409 3892 om
1432 3857 1465 3892 r
1491 3838 1508 3909 ΙΙ
1537 3840 1691 3893 cuius
1725 3858 1758 3893 r
1782 3840 1799 3910 ss
1826 3839 2029 3909 popilio
2058 3837 2167 3906 gru
2200 3840 2261 3888 15
2289 3853 2456 3889 manu
2482 3835 2675 3889 dextra

536 3937 568 3971 r
591 3919 610 3990 1}
642 3921 704 3972 18
727 3916 1120 3986 inscriptionem
1155 3935 1239 3969 om
1278 3935 1344 3980 ςν
1369 3917 1386 3988 1}
1413 3920 1474 3970 21
1515 3917 1797 3972 inimicum
1822 3935 1854 3969 r
1878 3917 1896 3987 ss
1925 3919 1987 3968 24
2014 3914 2247 3969 laodicia
2276 3931 2342 3976 ςν
2368 3914 2385 3984 ss
