3052 4823
949 352 1011 395 Τ.
1049 352 1191 397 L1v1
1223 351 1482 397 Lxxxv1
1501 369 1558 378 -—-
1571 351 1940 396 Lxxxvnn.
2428 331 2511 394 83

381 501 838 567 Praenestinos
867 501 1145 565 inermes
1177 501 1428 565 concidi
1457 501 1685 578 iussit,
1722 501 2039 576 Marium,
2078 500 2383 564 senatorii
2413 523 2510 564 or-

385 605 554 669 dinis
585 604 802 667 uirum
819 653 838 680 ,
886 604 1176 681 cruribus
1220 604 1626 687 brachiisque
1658 603 1877 667 fractis
1893 650 1914 680 ,
1964 603 2227 681 auribus
2257 625 2589 704 praese-mu
2659 655 2760 724 υ)

382 708 502 770 ctis
534 718 598 770 et
629 706 871 779 effossis
904 706 1104 770 oculis
1135 683 1545 808 necauitsc.
1566 706 1815 769 Marius
1841 709 2187 769 Praeneste
2218 707 2511 768 obsessus
2540 731 2543 736 ·

386 833 424 874 a
454 810 756 873 Lucretio
787 809 1032 884 Ofella,
1083 809 1494 892 Syllanarum
1523 808 1808 891 partium
1838 807 2009 884 uir0,
2066 829 2214 869 cum
2259 829 2373 890 per
2402 829 2509 870 cu-

323 925 353 974 5
383 911 676 974 niculum
707 921 991 995 captaret
1023 912 1290 974 euadere
1321 921 1620 993 saeptum
1664 910 1950 974 exercitu
1969 958 1988 986 ,
2046 920 2318 972 mortem
2360 931 2510 972 con-

385 1013 599 1077 sciuit.
671 1012 738 1075 id
779 1023 906 1090 est,
966 1012 1035 1075 in
1077 1013 1217 1096 ipso
1260 1013 1599 1089 cuniculo,
1656 1034 1805 1075 cum
1845 1010 2112 1075 sentiret
2142 1033 2211 1074 se
2240 1013 2511 1086 euadere

383 1138 517 1178 non
560 1137 782 1198 posse,
847 1137 994 1178 cum
1041 1114 1340 1180 Telesino
1395 1114 1588 1197 fugae
1633 1115 1866 1178 comite
1921 1113 2142 1177 stricto
2186 1112 2511 1195 utrimque

384 1217 601 1300 gladio
631 1217 983 1293 concurrit3
1035 1239 1228 1300 quem
1257 1238 1409 1280 cum
1437 1215 1809 1294 occidisset,
1857 1215 1995 1299 ipse
2025 1214 2280 1278 saucius
2310 1213 2510 1298 impe-

388 1319 584 1382 trauit
615 1342 654 1382 a
683 1341 868 1382 seruo
896 1329 970 1382 ut
1001 1341 1067 1384 se
1099 1319 1433 1383 occideret.

293 1545 356 1609 1‚0
987 1537 1116 1600 EX
1163 1538 1338 1601 LIB.
1390 1536 1901 1600 LXXXVIIII.
1929 1623 1935 1628 Ι

385 1716 483 1778 Μ.
519 1717 764 1780 Brutus
794 1738 831 1780 a
861 1717 984 1780 Cn.
1014 1717 1276 1801 Papirio
1307 1718 1623 1793 Carbone,
1657 1724 1696 1795 †
1719 1737 1910 1799 quem
1940 1717 2283 1780 Cossuram
2313 1717 2513 1798 adpu-

385 1817 593 1880 lerant
610 1866 631 1894 ,
692 1817 928 1882 missus
980 1842 1149 1884 naue
1199 1819 1544 1903 piscatoria
1583 1817 1965 1902 Lilybaeum
2007 1827 2083 1879 ut
2124 1819 2508 1902 exploraret,

388 1940 472 1981 an
529 1918 622 1981 ibi
679 1919 812 1982 iam
871 1922 1220 2004 Pompeius
1287 1930 1490 1998 esset,
1563 1932 1628 1984 et
1697 1921 2175 2002 circumuentus
2234 1921 2512 2010 nauibus

391 2043 547 2104 quas
592 2022 940 2107 Pompeius
995 2023 1257 2088 miserat
1275 2073 1295 2100 ,
1350 2023 1422 2086 in
1481 2045 1549 2088 se
1604 2022 1899 2088 mucroni
1956 2044 2143 2086 uerso
2206 2025 2287 2086 ad
2344 2034 2513 2086 tran-

293 2135 354 2185 15
387 2135 591 2186 strum
621 2124 807 2188 nauis
841 2125 1118 2190 obnixus
1148 2126 1426 2210 corporis
1471 2127 1751 2208 pondere
1790 2124 2108 2188 incubuit.
2158 2127 2281 2189 Cn.
2322 2129 2512 2190 Pom-

385 2225 570 2308 peius
600 2225 668 2288 in
703 2225 989 2291 Siciliam
1021 2250 1171 2291 cum
1213 2227 1481 2311 imperio
1513 2249 1552 2288 a
1592 2237 1821 2290 senatu
1851 2226 2084 2290 missus
2115 2228 2238 2290 Cn.
2277 2229 2514 2290 Carbo-

388 2349 574 2404 nem,
622 2328 734 2410 qui
776 2330 936 2392 fiens
968 2329 1368 2392 muliebriter
1396 2338 1669 2391 mortem
1710 2327 1896 2404 tulit,
1946 2338 2209 2410 captum
2252 2328 2505 2392 occidit.

390 2430 570 2513 Sylla
599 2430 872 2493 dictator
915 2431 1123 2494 factus
1141 2480 1160 2507 ,
1225 2433 1396 2513 quod
1440 2454 1633 2495 nemo
1674 2452 1981 2514 umquam
2029 2430 2265 2493 fecerat
2284 2480 2301 2507 ,
2366 2428 2526 2494 cum‘
2582 2429 2603 2435 ⁸

386 2531 666 2596 fascibus
736 2552 948 2595 xx1111
1020 2532 1350 2616 processit.
1456 2532 1707 2615 legibus
1779 2532 1969 2596 nouis
2049 2531 2142 2594 rei
2216 2531 2514 2619 publicae

289 2646 356 2697 20
387 2644 628 2697 statum
659 2634 1100 2711 confirmauit,
1152 2634 1559 2699 tribunorum
1599 2634 1805 2717 plebis
1845 2629 2230 2719 potestatem
2273 2633 2515 2698 minuit

389 2747 453 2800 et
483 2759 671 2800 omne
700 2736 803 2801 ius
839 2737 1061 2820 legum
1101 2737 1508 2800 ferendarum
1552 2737 1829 2814 ademit,
1885 2736 2267 2821 pontificum
2312 2759 2513 2819 augu-

321 2892 324 2896 .
385 2862 656 2922 rumque
709 2838 1054 2921 collegium
1106 2836 1445 2921 ampliauit
1496 2847 1573 2901 ut
1626 2849 1840 2903 essent
1897 2860 2025 2915 xv,
2083 2848 2379 2902 senatum
2433 2860 2515 2901 ex

389 2941 668 3023 equestri
699 2940 919 3004 ordine
952 2941 1316 3024 suppleuit,
1365 2939 1869 3023 proscriptorum
1908 2939 2126 3002 liberis
2157 2939 2259 3003 ius
2289 2950 2511 3023 peten-

387 3042 615 3105 dorum
642 3042 961 3104 honorum
992 3041 1226 3125 eripuit
1257 3052 1322 3105 et
1349 3042 1520 3103 bona
1550 3062 1767 3103 eorum
1799 3040 2096 3103 uendidit
2110 3065 2129 3115 3
2169 3063 2248 3103 ex
2279 3041 2511 3122 quibus

289 3151 352 3203 25
384 3142 666 3223 plurima
713 3142 968 3227 [prima]
1005 3142 1240 3226 rapuit.
1290 3144 1627 3205 redactum
1656 3151 1753 3205 est
1783 3142 2147 3206 sestertium
2180 3152 2272 3205 ter
2301 3142 2512 3206 milies

389 3244 818 3327 quingenteis.
892 3246 974 3312 Q.
1028 3240 1405 3307 Lucretium
1443 3243 1725 3308 Ofellam
1769 3230 2075 3309 aduersus
2102 3234 2514 3308 'uoluntatem

387 3560 408 3608 1
440 3555 678 3609 interimi
701 3574 732 3607 r
757 3557 774 3624 11
804 3559 832 3608 3
873 3556 1098 3611 defossis
1139 3576 1205 3620 ςν
1230 3558 1246 3627 ΙΙ
1275 3562 1306 3609 4
1343 3558 1522 3613 Ofella
1560 3558 1845 3629 Siyom'us:
1880 3558 2039 3611 afella
2075 3570 2192 3621 Νςν
2216 3558 2233 3625 ΕΙ
2262 3562 2291 3611 5
2328 3564 2513 3630 septus

386 3650 451 3692 ςν
475 3632 494 3699 ss
521 3632 588 3682 ab
615 3632 855 3684 exercitu
879 3650 910 3683 r
935 3634 952 3703 n
979 3634 1082 3687 sibi
1107 3635 1374 3687 consciuit
1400 3654 1466 3698 ςν
1495 3642 1504 3699 1
1538 3640 1568 3689 6
1602 3636 1747 3689 idem
1775 3656 1835 3699 ς,
1878 3654 1961 3689 om
1996 3654 2028 3688 r
2052 3636 2070 3705 ΙῙ
2098 3642 2127 3689 7
2166 3637 2387 3691 minime
2412 3657 2443 3691 r
2469 3640 2486 3709 ss

384 3705 584 3757 Pontio
619 3705 907 3757 Thelesino
943 3726 973 3759 r
999 3709 1016 3777 ΙΙ
1052 3708 1321 3762 thelesino
1353 3723 1433 3786 Ny
1473 3712 1491 3783 Ι]
1534 3715 1563 3764 8
1601 3714 1836 3767 occurrit
1869 3732 1899 3765 r
1926 3713 1943 3783 ΙΙ
1990 3714 2107 3783 ipse
2155 3734 2239 3768 om
2286 3734 2317 3767 r
2354 3716 2372 3787 n
2415 3720 2445 3769 9
2482 3734 2514 3769 a

386 3800 544 3837 seruo
569 3782 880 3853 impetrauit
905 3802 936 3835 r
961 3786 978 3854 1}
1010 3790 1066 3837 11
1096 3789 1162 3839 L.
1191 3806 1222 3839 r
1247 3789 1264 3857 ΙΙ
1291 3806 1323 3841 a
1347 3808 1430 3842 om
1467 3802 1553 3852 Νς
1576 3791 1593 3859 ss
1622 3791 1716 3860 qui
1756 3810 1821 3853 ςν
1845 3792 1863 3862 ΙΙ
1892 3791 2177 3845 Cossuram
2219 3792 2471 3861 Siyonius
2489 3815 2509 3847 .-

387 3877 660 3929 corcyram
695 3872 810 3921 Νςν
835 3862 853 3929 ΙΙ
879 3863 1161 3932 appulerat
1199 3884 1292 3929 ςν,
1337 3868 1742 3937 appellauerant
1772 3888 1810 3937 9
1837 3871 1853 3939 ss
1885 3872 1943 3921 13
1982 3870 2088 3922 iam
2114 3888 2199 3923 om
2226 3889 2292 3933 ςν
2318 3872 2335 3941 ΙΙ
2362 3890 2394 3925 a
2418 3890 2511 3925 na-

383 3938 546 3992 uibus
575 3956 640 4001 ςν
665 3939 682 4008 ΙΙ
714 3941 775 3990 14
800 3940 1044 3992 mucroni
1077 3944 1410 3997 Gronouius:
1445 3962 1706 3997 muerone
1729 3959 1802 4009 N,
1833 3964 2089 4000 mucrone
2116 3965 2182 4009 ςν
2208 3948 2225 4018 ΙΙ
2256 3951 2323 4001 18
2348 3966 2507 4002 nemo

333 4054 336 4059 -
385 4018 602 4089 quidem
641 4034 896 4087 umquam
922 4036 953 4070 r
978 4020 995 4088 ΙΙ
1026 4022 1088 4072 19
1112 4019 1326 4087 legibus
1358 4020 1695 4072 G'ronout‘us:
1733 4021 1895 4075 rebus
1918 4034 2017 4084 Νς,
2046 4023 2372 4093 rebusquer
2398 4024 2415 4094 ΙΙ
2445 4028 2509 4077 25

380 4096 555 4167 primo
583 4115 642 4159 ς,
695 4094 934 4166 praemia
973 4116 1007 4158 ς
1032 4096 1049 4165 n
1085 4096 1259 4165 primo
1295 4096 1468 4149 multa
1508 4114 1540 4149 r
1566 4096 1583 4165 ΙΙ
1624 4098 1691 4150 26
1731 4096 2189 4168 quingenciesque
2223 4099 2510 4154 lucretium

383 4192 449 4238 ςν
473 4174 491 4244 ss
519 4173 752 4227 Ofellam
779 4170 1061 4240 Siqonius:
1087 4172 1298 4227 asellam
1323 4186 1438 4236 Νςν
1463 4172 1481 4243 ss
1508 4174 1848 4229 consulatum
1874 4184 2063 4231 contra
2085 4195 2117 4229 r
2142 4178 2160 4247 ξΙ

2098 4250 2289 4323 δ”
