3052 4823
414 389 420 395 '
525 305 606 364 20
1106 378 1111 383 ⁸
1401 327 1785 370 Pmuocfflm

448 637 498 678 ‚l

271 701 350 744 Φ

301 949 484 988 ιψῆο

1309 509 1437 570 ΕΧ
1482 509 1658 571 LIB.
1710 511 1865 574 XV.

521 677 728 742 Victis
761 676 1128 740 Tarentinis
1157 699 1288 760 pax
1318 687 1383 740 et
1411 677 1673 746 libertas
1705 679 1857 741 data
1896 690 2014 742 est.
2026 669 2064 769 s
2076 680 2244 764 legio
2290 683 2648 766 Campana,

521 802 683 863 quae
729 780 1014 863 Regium
1057 790 1481 861 occupauerat
1499 827 1520 855 ‚
1567 780 1825 843 obsessa
1864 781 2188 845 deditione
2232 783 2403 846 facta
2446 784 2651 846 securi

519 904 821 966 percussa
851 892 968 944 est.
978 881 1012 990 J
1035 902 1184 943 cum
1227 880 1474 962 legatos
1514 881 2032 963 Apolloniatium
2061 886 2141 946 ad
2172 895 2470 948 senatum
2496 885 2649 949 mis-

521 1006 622 1048 sos
653 983 915 1066 quidam
943 983 1214 1047 iuuenes
1245 983 1613 1066 pulsassent
1630 1031 1651 1058 ,
1687 982 1888 1047 dediti
1918 998 2071 1048 sunt
2100 986 2644 1068 Apolloniatibus.
2684 1000 2716 1048 5

521 1084 900 1149 Picentibus
931 1084 1121 1148 uictis
1165 1105 1293 1166 pax
1335 1086 1487 1147 data
1530 1093 1655 1147 est.
1726 1085 2013 1148 coloniae
2056 1089 2367 1150 deductae
2410 1088 2648 1150 Arimi-

519 1209 679 1250 num
707 1187 778 1249 in
811 1185 1051 1249 Piceno
1069 1234 1090 1261 ‚
1126 1188 1579 1249 Beneuentum
1608 1185 1679 1247 in
1710 1185 1997 1251 Samnio.
2051 1199 2207 1253 tunc
2230 1189 2511 1272 primum
2539 1211 2650 1271 po-

519 1291 713 1374 pulus
757 1290 1094 1351 Romanus
1143 1299 1407 1372 argento
1466 1287 1566 1350 uti
1618 1287 1848 1370 coepit.
1929 1289 2157 1352 Vmbri
2203 1299 2268 1353 et
2315 1283 2662 1354 Sallentini

521 1389 682 1454 uicti
711 1389 782 1451 in
814 1389 1210 1454 deditionem
1241 1389 1486 1472 accepti
1517 1399 1691 1452 sunt.
1741 1401 2148 1472 quaestorum
2180 1413 2487 1454 numerus
2519 1413 2650 1454 am-

520 1491 762 1576 pliatus
793 1481 890 1554 est
908 1539 928 1566 ,
963 1501 1038 1554 ut
1069 1501 1284 1554 essent
1315 1501 1480 1554 octo·
2687 1505 2750 1554 10

1203 1819 1212 1826 ⁴
1285 1727 1411 1790 Ex
1457 1728 1633 1790 LIB.
1692 1725 1887 1790 xvi.
1933 1807 1939 1812 .

521 1898 720 1980 Origo
751 1894 1390 1978 Carthaginiensium
1434 1907 1499 1958 et
1530 1893 1879 1979 primordia
1908 1893 2084 1957 urbis
2115 1917 2337 1960 eorum
2366 1899 2649 1961 referun-

519 2014 648 2064 tur.
696 2008 918 2060 contra
947 2019 1104 2079 quos
1137 2007 1200 2059 et
1231 1993 1589 2060 Hieronem
1628 2018 1845 2081 regem
1889 1997 2438 2080 Syracusanorum
2468 2001 2649 2063 auxi·

518 2101 682 2163 lium
711 2083 1118 2161 Mamertinis
1149 2098 1486 2161 ferendum
1517 2110 1779 2162 senatus
1823 2099 2113 2175 censuit,
2162 2121 2312 2162 cum
2356 2104 2435 2164 de
2479 2125 2555 2166 ea
2582 2123 2650 2165 re

520 2204 690 2264 inter
737 2202 1080 2264 suadentes
1127 2211 1200 2263 ut
1230 2200 1297 2264 id
1325 2203 1508 2264 fieret
1539 2187 2109 2284 dissuadentesque
2140 2204 2465 2267 contentio
2496 2193 2650 2268 fuis-
2687 2218 2751 2266 15

521 2314 650 2378 set3
690 2302 1230 2386 transgressisque
1275 2312 1432 2366 tunc
1461 2303 1747 2386 primum
1775 2324 1951 2365 mare
1981 2302 2305 2385 equitibus
2338 2306 2651 2369 Romanis

521 2408 828 2471 aduersus
873 2403 1231 2470 Hieronem
1274 2404 1529 2488 saepius
1574 2407 1737 2468 bene
1777 2391 2165 2489 pugnatum.
2230 2407 2491 2489 petenti
2522 2430 2651 2491 pax

520 2512 673 2573 data
715 2517 834 2571 est.
904 2505 1182 2573 lustrum
1212 2529 1249 2569 a
1285 2508 1665 2571 censoribus
1708 2508 2061 2571 conditum.
2128 2529 2319 2571 censa
2364 2519 2518 2571 sunt
2559 2508 2645 2571 ci-

523 2611 706 2673 uium
736 2607 948 2689 capita
991 2629 1343 2672 cccnxxxn
1379 2630 1737 2672 ccxxxnn.
1804 2609 2113 2673 Decimus
2146 2610 2378 2673 Iunius
2408 2614 2649 2673 Brutus

520 2732 758 2773 munus
787 2710 1239 2792 gladiatorium
1268 2711 1339 2773 in
1368 2711 1679 2773 honorem
1702 2711 1992 2773 defuncti
2014 2711 2216 2794 patris
2246 2712 2495 2794 primus·
2520 2712 2651 2773 edi-
2683 2723 2752 2773 20

523 2813 640 2875 dit.
705 2810 957 2874 colonia
1014 2813 1326 2875 Aesernia
1385 2814 1661 2875 deducta
1712 2822 1831 2875 est.
1899 2834 2000 2875 res
2052 2824 2379 2895 praeterea
2432 2823 2652 2876 contra

527 2918 778 2978 Poenos
811 2924 876 2976 et
906 2912 1239 2980 Vulsinios
1271 2935 1569 2997 prospere
1598 2925 1813 2996 gestas
1844 2914 2154 2977 continet.

1269 3135 1397 3198 EX
1443 3136 1618 3197 LIB.
1675 3136 1909 3201 XVII.

525 3295 648 3356 Cn.
685 3288 1019 3353 Cornelius
1052 3288 1276 3351 consul
1307 3310 1346 3350 a
1387 3287 1586 3350 classe
1632 3287 1884 3351 Punica
1924 3287 2403 3351 circumuentus
2446 3298 2511 3351 et
2538 3310 2653 3371 per

525 3392 812 3454 fraudem
830 3437 850 3465 ‚
906 3389 1090 3451 uelut
1133 3388 1203 3450 in
1247 3387 1663 3469 conloquium
1706 3397 2047 3463 euocatus,
2092 3399 2317 3471 captus
2363 3399 2480 3452 est.
2567 3392 2643 3453 C.
2681 3401 2749 3451 25

525 3491 810 3556 Duillius
854 3490 1079 3553 consul
1127 3491 1431 3553 aduersus
1478 3490 1742 3551 classem
1788 3490 2153 3553 Poenorum
2194 3511 2491 3572 prospere
2534 3511 2653 3572 pu-

525 3765 556 3813 2
583 3744 712 3813 nata
733 3770 817 3821 Νς
841 3758 858 3827 [Ι
886 3761 916 3809 4
956 3754 1332 3826 apollinatium
1355 3768 1438 3818 Νς
1462 3756 1482 3826 ΙΙ
1508 3761 1539 3809 5
1579 3752 1965 3826 apollinatibus
2001 3767 2084 3818 Νς
2109 3756 2126 3825 ΙΙ
2154 3759 2186 3808 6
2212 3763 2297 3807 est
2325 3774 2414 3809 >om
2451 3773 2483 3808 r
2508 3754 2529 3824 ΙΙ
2552 3754 2654 3809 ari.

525 3841 754 3894 minium
776 3850 826 3891 Ν
847 3841 865 3907 ss
893 3843 919 3890 7
950 3842 1246 3890 uenantum
1284 3847 1335 3886 N
1355 3836 1372 3903 ΙΙ
1399 3835 1458 3887 in
1498 3836 1721 3889 Samnio
1757 3854 1844 3887 om
1878 3846 1927 3886 N
1963 3835 1980 3903 ΙΙ
2018 3835 2254 3904 populus
2290 3851 2388 3904 pro
2418 3840 2653 3903 argento

525 3930 574 3970 Ν
595 3917 612 3985 ΙΙ
641 3918 671 3967 8
691 3911 882 3965 salleni
903 3922 967 3974 Ν,
993 3908 1163 3963 saleni
1183 3926 1270 3977 qr,
1301 3908 1498 3962 salerni
1525 3929 1561 3972 ς
1586 3911 1603 3981 ΙΙ
1634 3912 1697 3963 10
1723 3917 1846 3963 octo
1870 3909 1979 3975 add
2008 3909 2293 3978 Siyonius:
2319 3926 2405 3961 om
2439 3921 2522 3970 Νς
2546 3909 2565 3978 ss
2592 3918 2655 3963 ut

527 3999 708 4047 essent
725 3996 846 4043 octo
871 4007 956 4041 om
983 3987 1182 4057 gru-12
1215 4003 1402 4039 eorum
1438 4006 1523 4040 om
1561 4006 1592 4039 r
1618 3988 1635 4057 ss
1667 3991 1729 4039 14
1768 3985 1980 4040 censuit
2002 3992 2222 4039 senatus
2246 4002 2277 4036 r
2302 3985 2319 4055 ΙῙ
2351 3988 2413 4038 16
2454 4003 2558 4056 que
2592 4000 2677 4035 om

513 4089 600 4133 ,gr-
621 4071 780 4139 sstum
831 4085 895 4129 ςν
921 4068 938 4137 ss
970 4070 1030 4119 18
1067 4064 1349 4117 conditum
1376 4074 1459 4118 est
1485 4085 1519 4127 ς
1545 4066 1561 4135 ΙΙ
1594 4068 1655 4117 19
1681 4075 1959 4117 CCCLXXII
1994 4062 2145 4115 milia
2192 4074 2449 4115 ccxxnn
2488 4080 2519 4114 r
2544 4062 2562 4131 ss
2590 4064 2667 4135 20·

529 4148 699 4201 edidit
722 4146 928 4215 primus
952 4163 983 4197 r
1009 4143 1028 4214 u
1055 4148 1118 4196 22
1148 4143 1390 4196 uulsinos
1415 4142 1514 4208 Νς,
1546 4142 1731 4195 uolcos
1758 4160 1823 4205 ςν
1848 4140 1957 4211 1125
1984 4137 2159 4194 ueluti
2187 4159 2251 4205 ςν
2277 4142 2294 4211 ss
